@ARTICLE{EvansOHareMcCabe2019,
    title = {Refinement of the standard halo model for dark matter searches in light of the Gaia Sausage},
    author = {Evans, N. Wyn and O'Hare, Ciaran A. J. and McCabe, Christopher},
    journal = {\prd},
    volume = {99},
    number = {2},
    eid = {023012},
    numpages = {18},
    year = {2019},
    month = {Jan},
    publisher = {American Physical Society},
    doi = {10.1103/PhysRevD.99.023012},
    archivePrefix = {arXiv},
    eprint = {1810.11468},
    primaryClass = {astro-ph.GA},
    url = {https://link.aps.org/doi/10.1103/PhysRevD.99.023012}
}

@ARTICLE{McMillan2017,
       author = {{McMillan}, Paul J.},
        title = "{The mass distribution and gravitational potential of the Milky Way}",
      journal = {\mnras},
         year = 2017,
        month = feb,
       volume = {465},
       number = {1},
        pages = {76--94},
          doi = {10.1093/mnras/stw2759},
archivePrefix = {arXiv},
       eprint = {1608.00971},
 primaryClass = {astro-ph.GA},
       adsurl = {https://ui.adsabs.harvard.edu/abs/2017MNRAS.465...76M},
      adsnote = {Provided by the SAO/NASA Astrophysics Data System}
}

@ARTICLE{McMillanBinney2009,
       author = {{McMillan}, Paul J. and {Binney}, James J.},
        title = "{The uncertainty in Galactic parameters}",
      journal = {\mnras},
         year = 2010,
        month = feb,
       volume = {402},
       number = {2},
        pages = {934--940},
          doi = {10.1111/j.1365-2966.2009.15932.x},
archivePrefix = {arXiv},
       eprint = {0907.4685},
 primaryClass = {astro-ph.GA},
       adsurl = {https://ui.adsabs.harvard.edu/abs/2010MNRAS.402..934M},
      adsnote = {Provided by the SAO/NASA Astrophysics Data System}
}

@ARTICLE{Bovy2012,
       author = {{Bovy}, Jo and {Allende Prieto}, Carlos and {Beers}, Timothy C. and {Bizyaev}, Dmitry and {da Costa}, Luiz N. and {Cunha}, Katia and {Ebelke}, Garrett L. and {Eisenstein}, Daniel J. and {Frinchaboy}, Peter M. and {Garc{\'\i}a P{\'e}rez}, Ana Elia and {Girardi}, L{\'e}o and {Hearty}, Fred R. and {Hogg}, David W. and {Holtzman}, Jon and {Maia}, Marcio A.~G. and {Majewski}, Steven R. and {Malanushenko}, Elena and {Malanushenko}, Viktor and {M{\'e}sz{\'a}ros}, Szabolcs and {Nidever}, David L. and {O'Connell}, Robert W. and {O'Donnell}, Christine and {Oravetz}, Audrey and {Pan}, Kaike and {Rocha-Pinto}, Helio J. and {Schiavon}, Ricardo P. and {Schneider}, Donald P. and {Schultheis}, Mathias and {Skrutskie}, Michael and {Smith}, Verne V. and {Weinberg}, David H. and {Wilson}, John C. and {Zasowski}, Gail},
        title = "{The Milky Way's Circular-velocity Curve between 4 and 14 kpc from APOGEE data}",
      journal = {\apj},
         year = 2012,
        month = nov,
       volume = {759},
       number = {2},
          eid = {131},
          doi = {10.1088/0004-637X/759/2/131},
archivePrefix = {arXiv},
       eprint = {1209.0759},
 primaryClass = {astro-ph.GA},
       adsurl = {https://ui.adsabs.harvard.edu/abs/2012ApJ...759..131B},
      adsnote = {Provided by the SAO/NASA Astrophysics Data System}
}

@ARTICLE{SchonrichBinneyDehnen2010,
       author = {{Sch{\"o}nrich}, Ralph and {Binney}, James and {Dehnen}, Walter},
        title = "{Local kinematics and the local standard of rest}",
      journal = {\mnras},
         year = 2010,
        month = apr,
       volume = {403},
       number = {4},
        pages = {1829--1833},
          doi = {10.1111/j.1365-2966.2010.16253.x},
archivePrefix = {arXiv},
       eprint = {0912.3693},
 primaryClass = {astro-ph.GA},
       adsurl = {https://ui.adsabs.harvard.edu/abs/2010MNRAS.403.1829S},
      adsnote = {Provided by the SAO/NASA Astrophysics Data System}
}


@ARTICLE{Coskunoglu2011,
       author = {{Co{\c{s}}kuno{$\check{\mathrm{g}}$}lu}, B. and {Ak}, S. and {Bilir}, S. and {Karaali}, S. and {Yaz}, E. and {Gilmore}, G. and {Seabroke}, G.~M. and {Bienaym{\'e}}, O. and {Bland-Hawthorn}, J. and {Campbell}, R. and {Freeman}, K.~C. and {Gibson}, B. and {Grebel}, E.~K. and {Munari}, U. and {Navarro}, J.~F. and {Parker}, Q.~A. and {Siebert}, A. and {Siviero}, A. and {Steinmetz}, M. and {Watson}, F.~G. and {Wyse}, R.~F.~G. and {Zwitter}, T.},
        title = "{Local stellar kinematics from RAVE data - I. Local standard of rest}",
      journal = {\mnras},
         year = 2011,
        month = apr,
       volume = {412},
       number = {2},
        pages = {1237--1245},
          doi = {10.1111/j.1365-2966.2010.17983.x},
archivePrefix = {arXiv},
       eprint = {1011.1188},
 primaryClass = {astro-ph.GA},
       adsurl = {https://ui.adsabs.harvard.edu/abs/2011MNRAS.412.1237C},
      adsnote = {Provided by the SAO/NASA Astrophysics Data System}
}


@ARTICLE{KarimMamajek2017,
       author = {{Karim}, M.~T. and {Mamajek}, Eric E.},
        title = "{Revised geometric estimates of the North Galactic Pole and the Sun's height above the Galactic mid-plane}",
      journal = {\mnras},
         year = "2017",
        month = "Feb",
       volume = {465},
       number = {1},
        pages = {472--481},
          doi = {10.1093/mnras/stw2772},
archivePrefix = {arXiv},
       eprint = {1610.08125},
 primaryClass = {astro-ph.SR},
       adsurl = {https://ui.adsabs.harvard.edu/abs/2017MNRAS.465..472K},
      adsnote = {Provided by the SAO/NASA Astrophysics Data System}
}


@manual{LuzumPetit2010,
    editor = {{Petit}, G. and {Luzum}, B.},
    title = "{IERS Conventions (2010)}",
    year = 2010,
    series = {Technical Note},
    number = 36,
    location = {Frankfurt am Main: Verlag des Bundesamts für Kartographie und Geodäsie},
    eprinttype = {ierstn},
    eprint = {36},
    url = {https://www.iers.org/IERS/EN/Publications/TechnicalNotes/tn36.html},
    adsurl = {https://ui.adsabs.harvard.edu/abs/2010ITN....36....1P},
    adsnote = {Provided by the SAO/NASA Astrophysics Data System}
}

@manual{MaFeissel1997,
    editor = {{Ma}, Chopo and {Feissel}, Martine},
    title = "{Definition and realization of the International Celestial Reference System by VLBI astrometry of extragalactic objects}",
    year = 1997,
    series = {Technical Note},
    number = 23,
    location = {Paris: Central Bureau of IERS -- Observatoire de Paris},
    month = jun,
    eprinttype = {ierstn},
    eprint = {23},
    url = {https://www.iers.org/IERS/EN/Publications/TechnicalNotes/tn23.html},
}

@ARTICLE{Hilton2006,
       author = {{Hilton}, J.~L. and {Capitaine}, N. and {Chapront}, J. and {Ferrandiz}, J.~M. and {Fienga}, A. and {Fukushima}, T. and {Getino}, J. and {Mathews}, P. and {Simon}, J. -L. and {Soffel}, M. and {Vondrak}, J. and {Wallace}, P. and {Williams}, J.},
        title = "{Report of the International Astronomical Union Division I Working Group on Precession and the Ecliptic}",
      journal = {\cmda},
     keywords = {precession and the ecliptic, reference systems},
         year = 2006,
        month = mar,
       volume = {94},
       number = {3},
        pages = {351--367},
          doi = {10.1007/s10569-006-0001-2},
       adsurl = {https://ui.adsabs.harvard.edu/abs/2006CeMDA..94..351H},
      adsnote = {Provided by the SAO/NASA Astrophysics Data System}
}

@article{Sassi2021,
  title = {Solar neutrinos and dark matter detection with diurnal modulation},
  author = {Dinmohammadi, Abolfazl and Heikinheimo, Matti and Mirabolfathi, Nader and Nordlund, Kai and Safari, Hossein and Sassi, Sebastian and Tuominen, Kimmo},
  journal = {\prd},
  volume = {104},
  number = {6},
  eid = {063037},
  numpages = {11},
  year = {2021},
  month = {Sep},
  archivePrefix = {arXiv},
  eprint = {2103.08511},
  publisher = {American Physical Society},
  doi = {10.1103/PhysRevD.104.063037},
  url = {https://link.aps.org/doi/10.1103/PhysRevD.104.063037}
}

@article{Sassi2022,
  title = {Energy loss in low energy nuclear recoils in dark matter detector materials},
  author = {Byggm\"astar, Jesper and Heikinheimo, Matti and Kuronen, Antti and Mirabolfathi, Nader and Nordlund, Kai and Sassi, Sebastian and Tuominen, Kimmo},
  journal = {\prd},
  volume = {106},
  number = {6},
  eid = {063012},
  numpages = {11},
  year = {2022},
  month = {Sep},
  archivePrefix = {arXiv},
  eprint = {2206.06772},
  publisher = {American Physical Society},
  doi = {10.1103/PhysRevD.106.063012},
  url = {https://link.aps.org/doi/10.1103/PhysRevD.106.063012}
}

@article{Sassi2024,
  title = {Probing the dark matter velocity distribution via daily modulation},
  author = {Heikinheimo, Matti and Nordlund, Kai and Sassi, Sebastian and Tuominen, Kimmo},
  journal = {\prd},
  volume = {109},
  number = {10},
  eid = {103010},
  numpages = {12},
  year = {2024},
  month = {May},
  archivePrefix = {arXiv},
  eprint = {2312.17550},
  publisher = {American Physical Society},
  doi = {10.1103/PhysRevD.109.103010},
  url = {https://link.aps.org/doi/10.1103/PhysRevD.109.103010}
}

@ARTICLE{Zwicky1933,
     author = {{Zwicky}, F.},
      title = "{Die Rotverschiebung von extragalaktischen Nebeln}",
    journal = {\hpa},
      month = feb,
       year = 1933,
     volume = 6,
      pages = {110--127},
 eprinttype = {ads},
     eprint = {1933AcHPh...6..110Z},
     adsurl = {http://adsabs.harvard.edu/abs/1933AcHPh...6..110Z},
    adsnote = {Provided by the SAO/NASA Astrophysics Data System}
}

@ARTICLE{Holmberg1937,
       author = {{Holmberg}, Erik},
        title = "{A Study of Double and Multiple Galaxies Together with Inquiries into some General Metagalactic Problems}",
      journal = {\annlund},
         year = 1937,
        month = jan,
       volume = {6},
        pages = {1--173},
   eprinttype = {ads},
       eprint = {1937AnLun...6....1H},
       adsurl = {https://ui.adsabs.harvard.edu/abs/1937AnLun...6....1H},
      adsnote = {Provided by the SAO/NASA Astrophysics Data System}
}

@ARTICLE{Smith1936,
       author = {{Smith}, Sinclair},
        title = "{The Mass of the Virgo Cluster}",
      journal = {\apj},
         year = 1936,
        month = jan,
       volume = {83},
        pages = {23},
          doi = {10.1086/143697},
   eprinttype = {ads},
       eprint = {1936ApJ....83...23S},
       adsurl = {https://ui.adsabs.harvard.edu/abs/1936ApJ....83...23S},
      adsnote = {Provided by the SAO/NASA Astrophysics Data System}
}

@ARTICLE{RubinFord1970,
    author = {{Rubin}, V.~C. and {Ford}, Jr., W.~K.},
     title = "{Rotation of the Andromeda Nebula from a Spectroscopic Survey of Emission Regions}",
   journal = {\apj},
      year = 1970,
     month = feb,
    volume = 159,
     pages = {379},
       doi = {10.1086/150317},
eprinttype = {ads},
    eprint = {1970ApJ...159..379R},
    adsurl = {http://adsabs.harvard.edu/abs/1970ApJ...159..379R},
   adsnote = {Provided by the SAO/NASA Astrophysics Data System}
}

@ARTICLE{Freeman1970,
       author = {{Freeman}, K.~C.},
        title = "{On the Disks of Spiral and S0 Galaxies}",
      journal = {\apj},
         year = 1970,
        month = jun,
       volume = {160},
        pages = {811},
          doi = {10.1086/150474},
   eprinttype = {ads},
       eprint = {1970ApJ...160..811F},
       adsurl = {https://ui.adsabs.harvard.edu/abs/1970ApJ...160..811F},
      adsnote = {Provided by the SAO/NASA Astrophysics Data System}
}

@ARTICLE{Milgrom1983,
    author = {{Milgrom}, M.},
     title = "{A modification of the Newtonian dynamics as a possible alternative to the hidden mass hypothesis}",
   journal = {\apj},
  keywords = {Cosmology, Galactic Structure, Nonrelativistic Mechanics, Stellar Motions, Particle Acceleration, Solar System},
      year = 1983,
     month = jul,
    volume = 270,
     pages = {365--370},
       doi = {10.1086/161130},
eprinttype = {ads},
    eprint = {1983ApJ...270..365M},
    adsurl = {http://adsabs.harvard.edu/abs/1983ApJ...270..365M},
   adsnote = {Provided by the SAO/NASA Astrophysics Data System}
}

@article{Bekenstein2004,
  title = {Relativistic gravitation theory for the modified Newtonian dynamics paradigm},
  author = {Bekenstein, Jacob D.},
  journal = {\prd},
  volume = {70},
  issue = {8},
  eid = {083509},
  numpages = {28},
  year = {2004},
  month = {Oct},
  publisher = {American Physical Society},
  doi = {10.1103/PhysRevD.70.083509},
  url = {https://link.aps.org/doi/10.1103/PhysRevD.70.083509},
  archivePrefix = {arXiv},
  eprint = {astro-ph/0403694},
  primaryClass = {astro-ph}
}

@article{Milgrom2009,
    title = {Bimetric MOND gravity},
    author = {Milgrom, Mordehai},
    journal = {\prd},
    volume = {80},
    issue = {12},
    eid = {123536},
    numpages = {15},
    year = {2009},
    month = {Dec},
    publisher = {American Physical Society},
    doi = {10.1103/PhysRevD.80.123536},
    url = {https://link.aps.org/doi/10.1103/PhysRevD.80.123536},
    archivePrefix = {arXiv},
    eprint = {0912.0790},
    primaryClass = {gr-qc}
}

@article{SkordisZlosnik2021,
    title = {New Relativistic Theory for Modified Newtonian Dynamics},
    author = {Skordis, Constantinos and Z\l{}o\'{s}nik, Tom},
    journal = {\prl},
    volume = {127},
    issue = {16},
    eid = {161302},
    numpages = {8},
    year = {2021},
    month = {Oct},
    publisher = {American Physical Society},
    doi = {10.1103/PhysRevLett.127.161302},
    url = {https://link.aps.org/doi/10.1103/PhysRevLett.127.161302},
    archivePrefix = {arXiv},
    eprint = {2007.00082},
    primaryClass = {astro-ph.CO},
}


@ARTICLE{Friedmann1922,
       author = {{Friedmann}, Alexander},
        title = "{{\"U}ber die Kr{\"u}mmung des Raumes}",
      journal = {\zp},
         year = 1922,
        month = jan,
       volume = {10},
        pages = {377--386},
          doi = {10.1007/BF01332580},
       adsurl = {https://ui.adsabs.harvard.edu/abs/1922ZPhy...10..377F},
      adsnote = {Provided by the SAO/NASA Astrophysics Data System}
}

@ARTICLE{Friedmann1924,
       author = {{Friedmann}, Alexander},
        title = "{{\"U}ber die M{\"o}glichkeit einer Welt mit konstanter negativer Kr{\"u}mmung des Raumes}",
      journal = {Zeitschrift fur Physik},
         year = 1924,
        month = dec,
       volume = {21},
       number = {1},
        pages = {326-332},
          doi = {10.1007/BF01328280},
       adsurl = {https://ui.adsabs.harvard.edu/abs/1924ZPhy...21..326F},
      adsnote = {Provided by the SAO/NASA Astrophysics Data System}
}

@ARTICLE{Lemaitre1927,
       author = {{Lema{\^\i}tre}, Georges},
        title = "{Un Univers homog{\`e}ne de masse constante et de rayon croissant rendant compte de la vitesse radiale des n{\'e}buleuses extra-galactiques}",
      journal = {\assb},
     keywords = {cosmology, big-bang theory},
         year = 1927,
        month = jan,
       volume = {47},
        pages = {49-59},
       adsurl = {https://ui.adsabs.harvard.edu/abs/1927ASSB...47...49L},
      adsnote = {Provided by the SAO/NASA Astrophysics Data System}
}

@ARTICLE{Robertson1935,
       author = {{Robertson}, Howard P.},
        title = "{Kinematics and World-Structure}",
      journal = {\apj},
         year = 1935,
        month = nov,
       volume = {82},
        pages = {284},
          doi = {10.1086/143681},
       adsurl = {https://ui.adsabs.harvard.edu/abs/1935ApJ....82..284R},
      adsnote = {Provided by the SAO/NASA Astrophysics Data System}
}

@ARTICLE{Robertson1936a,
       author = {{Robertson}, Howard P.},
        title = "{Kinematics and World-Structure II.}",
      journal = {\apj},
         year = 1936,
        month = apr,
       volume = {83},
        pages = {187},
          doi = {10.1086/143716},
       adsurl = {https://ui.adsabs.harvard.edu/abs/1936ApJ....83..187R},
      adsnote = {Provided by the SAO/NASA Astrophysics Data System}
}

@ARTICLE{Robertson1936b,
       author = {{Robertson}, Howard P.},
        title = "{Kinematics and World-Structure III.}",
      journal = {\apj},
         year = 1936,
        month = may,
       volume = {83},
        pages = {257},
          doi = {10.1086/143726},
       adsurl = {https://ui.adsabs.harvard.edu/abs/1936ApJ....83..257R},
      adsnote = {Provided by the SAO/NASA Astrophysics Data System}
}

@ARTICLE{Walker1937,
       author = {{Walker}, Arthur Geoffrey},
        title = "{On Milne's Theory of World-Structure}",
      journal = {\proclms},
         year = 1937,
        month = jan,
       volume = {42},
        pages = {90--127},
          doi = {10.1112/plms/s2-42.1.90},
       adsurl = {https://ui.adsabs.harvard.edu/abs/1937PLMS...42...90W},
      adsnote = {Provided by the SAO/NASA Astrophysics Data System}
}

@ARTICLE{PenziasWilson1965,
       author = {{Penzias}, A.~A. and {Wilson}, R.~W.},
        title = "{A Measurement of Excess Antenna Temperature at 4080 Mc/s.}",
      journal = {\apj},
     keywords = {Microwave Background, Cosmic Background Radiation},
         year = 1965,
        month = jul,
       volume = {142},
        pages = {419--421},
          doi = {10.1086/148307},
       adsurl = {https://ui.adsabs.harvard.edu/abs/1965ApJ...142..419P},
      adsnote = {Provided by the SAO/NASA Astrophysics Data System}
}

@article{BennettEtAl1996,
    doi = {10.1086/310075},
    url = {https://dx.doi.org/10.1086/310075},
    year = {1996},
    month = {jun},
    volume = {464},
    number = {1},
    pages = {L1},
    author = {C. L. Bennett and A. J. Banday and K. M. Górski and G. Hinshaw and P. Jackson and P. Keegstra and A. Kogut and G. F. Smoot and D. T. Wilkinson and E. L. Wright},
    title = {Four-Year COBE DMR Cosmic Microwave Background Observations: Maps and Basic Results},
    journal = {\apj},
    archivePrefix = {arXiv},
    eprint = {astro-ph/9601067},
    primaryClass = {astro-ph}
}

@article{BennettEtAl2013,
    doi = {10.1088/0067-0049/208/2/20},
    url = {https://dx.doi.org/10.1088/0067-0049/208/2/20},
    year = {2013},
    month = {sep},
    publisher = {The American Astronomical Society},
    volume = {208},
    number = {2},
    pages = {20},
    author = {C. L. Bennett and D. Larson and J. L. Weiland and N. Jarosik and G. Hinshaw and N. Odegard and K. M. Smith and R. S. Hill and B. Gold and M. Halpern and E. Komatsu and M. R. Nolta and L. Page and D. N. Spergel and E. Wollack and J. Dunkley and A. Kogut and M. Limon and S. S. Meyer and G. S. Tucker and E. L. Wright},
    title = {Nine-Year Wilkinson Microwave Anisotropy Probe (WMAP) Observations: Final Maps and Results},
    journal = {\apjs},
    archivePrefix = {arXiv},
    eprint = {1212.5225},
    primaryClass = {astro-ph.CO}
}


@article{Planck2018,
	author = {{Aghanim, N.} and {Akrami, Y.} and {Ashdown, M.} and {Aumont, J.} and {Baccigalupi, C.} and {Ballardini, M.} and {Banday, A. J.} and {Barreiro, R. B.} and {Bartolo, N.} and {Basak, S.} and {Battye, R.} and {Benabed, K.} and {Bernard, J.-P.} and {Bersanelli, M.} and {Bielewicz, P.} and {Bock, J. J.} and {Bond, J. R.} and {Borrill, J.} and {Bouchet, F. R.} and {Boulanger, F.} and {Bucher, M.} and {Burigana, C.} and {Butler, R. C.} and {Calabrese, E.} and {Cardoso, J.-F.} and {Carron, J.} and {Challinor, A.} and {Chiang, H. C.} and {Chluba, J.} and {Colombo, L. P. L.} and {Combet, C.} and {Contreras, D.} and {Crill, B. P.} and {Cuttaia, F.} and {de Bernardis, P.} and {de Zotti, G.} and {Delabrouille, J.} and {Delouis, J.-M.} and {Di Valentino, E.} and {Diego, J. M.} and {Doré, O.} and {Douspis, M.} and {Ducout, A.} and {Dupac, X.} and {Dusini, S.} and {Efstathiou, G.} and {Elsner, F.} and {Enßlin, T. A.} and {Eriksen, H. K.} and {Fantaye, Y.} and {Farhang, M.} and {Fergusson, J.} and {Fernandez-Cobos, R.} and {Finelli, F.} and {Forastieri, F.} and {Frailis, M.} and {Fraisse, A. A.} and {Franceschi, E.} and {Frolov, A.} and {Galeotta, S.} and {Galli, S.} and {Ganga, K.} and {Génova-Santos, R. T.} and {Gerbino, M.} and {Ghosh, T.} and {González-Nuevo, J.} and {Górski, K. M.} and {Gratton, S.} and {Gruppuso, A.} and {Gudmundsson, J. E.} and {Hamann, J.} and {Handley, W.} and {Hansen, F. K.} and {Herranz, D.} and {Hildebrandt, S. R.} and {Hivon, E.} and {Huang, Z.} and {Jaffe, A. H.} and {Jones, W. C.} and {Karakci, A.} and {Keihänen, E.} and {Keskitalo, R.} and {Kiiveri, K.} and {Kim, J.} and {Kisner, T. S.} and {Knox, L.} and {Krachmalnicoff, N.} and {Kunz, M.} and {Kurki-Suonio, H.} and {Lagache, G.} and {Lamarre, J.-M.} and {Lasenby, A.} and {Lattanzi, M.} and {Lawrence, C. R.} and {Le Jeune, M.} and {Lemos, P.} and {Lesgourgues, J.} and {Levrier, F.} and {Lewis, A.} and {Liguori, M.} and {Lilje, P. B.} and {Lilley, M.} and {Lindholm, V.} and {López-Caniego, M.} and {Lubin, P. M.} and {Ma, Y.-Z.} and {Macías-Pérez, J. F.} and {Maggio, G.} and {Maino, D.} and {Mandolesi, N.} and {Mangilli, A.} and {Marcos-Caballero, A.} and {Maris, M.} and {Martin, P. G.} and {Martinelli, M.} and {Martínez-González, E.} and {Matarrese, S.} and {Mauri, N.} and {McEwen, J. D.} and {Meinhold, P. R.} and {Melchiorri, A.} and {Mennella, A.} and {Migliaccio, M.} and {Millea, M.} and {Mitra, S.} and {Miville-Deschênes, M.-A.} and {Molinari, D.} and {Montier, L.} and {Morgante, G.} and {Moss, A.} and {Natoli, P.} and {Nørgaard-Nielsen, H. U.} and {Pagano, L.} and {Paoletti, D.} and {Partridge, B.} and {Patanchon, G.} and {Peiris, H. V.} and {Perrotta, F.} and {Pettorino, V.} and {Piacentini, F.} and {Polastri, L.} and {Polenta, G.} and {Puget, J.-L.} and {Rachen, J. P.} and {Reinecke, M.} and {Remazeilles, M.} and {Renzi, A.} and {Rocha, G.} and {Rosset, C.} and {Roudier, G.} and {Rubiño-Martín, J. A.} and {Ruiz-Granados, B.} and {Salvati, L.} and {Sandri, M.} and {Savelainen, M.} and {Scott, D.} and {Shellard, E. P. S.} and {Sirignano, C.} and {Sirri, G.} and {Spencer, L. D.} and {Sunyaev, R.} and {Suur-Uski, A.-S.} and {Tauber, J. A.} and {Tavagnacco, D.} and {Tenti, M.} and {Toffolatti, L.} and {Tomasi, M.} and {Trombetti, T.} and {Valenziano, L.} and {Valiviita, J.} and {Van Tent, B.} and {Vibert, L.} and {Vielva, P.} and {Villa, F.} and {Vittorio, N.} and {Wandelt, B. D.} and {Wehus, I. K.} and {White, M.} and {White, S. D. M.} and {Zacchei, A.} and {Zonca, A.}},
    collaboration = {Planck Collaboration},
	title = {Planck 2018 results - VI. Cosmological parameters},
	doi = "10.1051/0004-6361/201833910",
	url = "https://doi.org/10.1051/0004-6361/201833910",
	journal = {\aap},
    month = 9,
	year = 2020,
	volume = 641,
	eid = "A6",
    archivePrefix = {arXiv},
    eprint = {1807.06209},
    primaryClass = {astro-ph.CO}
}

@article{FieldsEtAl2020,
    doi = {10.1088/1475-7516/2020/03/010},
    url = {https://dx.doi.org/10.1088/1475-7516/2020/03/010},
    year = {2020},
    month = {mar},
    volume = {2020},
    number = {03},
    eid = {010},
    author = {Brian D. Fields and Keith A. Olive and Tsung-Han Yeh and Charles Young},
    title = {Big-Bang Nucleosynthesis after Planck},
    journal = {\jcap},
    archivePrefix = {arXiv},
    eprint = {1912.01132},
    primaryClass = {astro-ph.CO}
}

@article{eBOSS2021,
    title = {Completed SDSS-IV extended Baryon Oscillation Spectroscopic Survey: Cosmological implications from two decades of spectroscopic surveys at the Apache Point Observatory},
    author = {Alam, Shadab and Aubert, Marie and Avila, Santiago and Balland, Christophe and Bautista, Julian E. and Bershady, Matthew A. and Bizyaev, Dmitry and Blanton, Michael R. and Bolton, Adam S. and Bovy, Jo and Brinkmann, Jonathan and Brownstein, Joel R. and Burtin, Etienne and Chabanier, Sol\`ene and Chapman, Michael J. and Choi, Peter Doohyun and Chuang, Chia-Hsun and Comparat, Johan and Cousinou, Marie-Claude and Cuceu, Andrei and Dawson, Kyle S. and de la Torre, Sylvain and de Mattia, Arnaud and Agathe, Victoria de Sainte and des Bourboux, H\'elion du Mas and Escoffier, Stephanie and Etourneau, Thomas and Farr, James and Font-Ribera, Andreu and Frinchaboy, Peter M. and Fromenteau, Sebastien and Gil-Mar\'{\i}n, H\'ector and Le Goff, Jean-Marc and Gonzalez-Morales, Alma X. and Gonzalez-Perez, Violeta and Grabowski, Kathleen and Guy, Julien and Hawken, Adam J. and Hou, Jiamin and Kong, Hui and Parker, James and Klaene, Mark and Kneib, Jean-Paul and Lin, Sicheng and Long, Daniel and Lyke, Brad W. and de la Macorra, Axel and Martini, Paul and Masters, Karen and Mohammad, Faizan G. and Moon, Jeongin and Mueller, Eva-Maria and Mu\~noz-Guti\'errez, Andrea and Myers, Adam D. and Nadathur, Seshadri and Neveux, Richard and Newman, Jeffrey A. and Noterdaeme, Pasquier and Oravetz, Audrey and Oravetz, Daniel and Palanque-Delabrouille, Nathalie and Pan, Kaike and Paviot, Romain and Percival, Will J. and P\'erez-R\`afols, Ignasi and Petitjean, Patrick and Pieri, Matthew M. and Prakash, Abhishek and Raichoor, Anand and Ravoux, Corentin and Rezaie, Mehdi and Rich, James and Ross, Ashley J. and Rossi, Graziano and Ruggeri, Rossana and Ruhlmann-Kleider, Vanina and S\'anchez, Ariel G. and S\'anchez, F. Javier and S\'anchez-Gallego, Jos\'e R. and Sayres, Conor and Schneider, Donald P. and Seo, Hee-Jong and Shafieloo, Arman and Slosar, An\ifmmode \check{z}\else \v{z}\fi{}e and Smith, Alex and Stermer, Julianna and Tamone, Amelie and Tinker, Jeremy L. and Tojeiro, Rita and Vargas-Maga\~na, Mariana and Variu, Andrei and Wang, Yuting and Weaver, Benjamin A. and Weijmans, Anne-Marie and Y\`eche, Christophe and Zarrouk, Pauline and Zhao, Cheng and Zhao, Gong-Bo and Zheng, Zheng},
    collaboration = {eBOSS Collaboration},
    journal = {\prd},
    volume = {103},
    number = {8},
    eid = {083533},
    numpages = {43},
    year = {2021},
    month = {Apr},
    publisher = {American Physical Society},
    doi = {10.1103/PhysRevD.103.083533},
    url = {https://link.aps.org/doi/10.1103/PhysRevD.103.083533},
    archivePrefix = {arXiv},
    eprint = {2007.08991},
    primaryClass = {astro-ph.CO}
}

@article{SDSSIV2022,
    doi = {10.3847/1538-4365/ac4414},
    url = {https://dx.doi.org/10.3847/1538-4365/ac4414},
    year = {2022},
    month = {mar},
    publisher = {The American Astronomical Society},
    volume = {259},
    number = {2},
    eid = {35},
    author = {Abdurro’uf and Katherine Accetta and Conny Aerts and Víctor Silva Aguirre and Romina Ahumada and Nikhil Ajgaonkar and N. Filiz Ak and Shadab Alam and Carlos Allende Prieto and Andrés Almeida and Friedrich Anders and Scott F. Anderson and Brett H. Andrews and Borja Anguiano and Erik Aquino-Ortíz and Alfonso Aragón-Salamanca and Maria Argudo-Fernández and Metin Ata and Marie Aubert and Vladimir Avila-Reese and Carles Badenes and Rodolfo H. Barbá and Kat Barger and Jorge K. Barrera-Ballesteros and Rachael L. Beaton and Timothy C. Beers and Francesco Belfiore and Chad F. Bender and Mariangela Bernardi and Matthew A. Bershady and Florian Beutler and Christian Moni Bidin and Jonathan C. Bird and Dmitry Bizyaev and Guillermo A. Blanc and Michael R. Blanton and Nicholas Fraser Boardman and Adam S. Bolton and Médéric Boquien and Jura Borissova and Jo Bovy and W. N. Brandt and Jordan Brown and Joel R. Brownstein and Marcella Brusa and Johannes Buchner and Kevin Bundy and Joseph N. Burchett and Martin Bureau and Adam Burgasser and Tuesday K. Cabang and Stephanie Campbell and Michele Cappellari and Joleen K. Carlberg and Fábio Carneiro Wanderley and Ricardo Carrera and Jennifer Cash and Yan-Ping Chen and Wei-Huai Chen and Brian Cherinka and Cristina Chiappini and Peter Doohyun Choi and S. Drew Chojnowski and Haeun Chung and Nicolas Clerc and Roger E. Cohen and Julia M. Comerford and Johan Comparat and Luiz da Costa and Kevin Covey and Jeffrey D. Crane and Irene Cruz-Gonzalez and Connor Culhane and Katia Cunha and Y. Sophia Dai and Guillermo Damke and Jeremy Darling and James W. Davidson Jr. and Roger Davies and Kyle Dawson and Nathan De Lee and Aleksandar M. Diamond-Stanic and Mariana Cano-Díaz and Helena Domínguez Sánchez and John Donor and Chris Duckworth and Tom Dwelly and Daniel J. Eisenstein and Yvonne P. Elsworth and Eric Emsellem and Mike Eracleous and Stephanie Escoffier and Xiaohui Fan and Emily Farr and Shuai Feng and José G. Fernández-Trincado and Diane Feuillet and Andreas Filipp and Sean P Fillingham and Peter M. Frinchaboy and Sebastien Fromenteau and Lluís Galbany and Rafael A. García and D. A. García-Hernández and Junqiang Ge and Doug Geisler and Joseph Gelfand and Tobias Géron and Benjamin J. Gibson and Julian Goddy and Diego Godoy-Rivera and Kathleen Grabowski and Paul J. Green and Michael Greener and Catherine J. Grier and Emily Griffith and Hong Guo and Julien Guy and Massinissa Hadjara and Paul Harding and Sten Hasselquist and Christian R. Hayes and Fred Hearty and Jesús Hernández and Lewis Hill and David W. Hogg and Jon A. Holtzman and Danny Horta and Bau-Ching Hsieh and Chin-Hao Hsu and Yun-Hsin Hsu and Daniel Huber and Marc Huertas-Company and Brian Hutchinson and Ho Seong Hwang and Héctor J. Ibarra-Medel and Jacob Ider Chitham and Gabriele S. Ilha and Julie Imig and Will Jaekle and Tharindu Jayasinghe and Xihan Ji and Jennifer A. Johnson and Amy Jones and Henrik Jönsson and Ivan Katkov and Dr. Arman Khalatyan and Karen Kinemuchi and Shobhit Kisku and Johan H. Knapen and Jean-Paul Kneib and Juna A. Kollmeier and Miranda Kong and Marina Kounkel and Kathryn Kreckel and Dhanesh Krishnarao and Ivan Lacerna and Richard R. Lane and Rachel Langgin and Ramon Lavender and David R. Law and Daniel Lazarz and Henry W. Leung and Ho-Hin Leung and Hannah M. Lewis and Cheng Li and Ran Li and Jianhui Lian and Fu-Heng Liang and Lihwai Lin and Yen-Ting Lin and Sicheng Lin and Chris Lintott and Dan Long and Penélope Longa-Peña and Carlos López-Cobá and Shengdong Lu and Britt F. Lundgren and Yuanze Luo and J. Ted Mackereth and Axel de la Macorra and Suvrath Mahadevan and Steven R. Majewski and Arturo Manchado and Travis Mandeville and Claudia Maraston and Berta Margalef-Bentabol and Thomas Masseron and Karen L. Masters and Savita Mathur and Richard M. McDermid and Myles Mckay and Andrea Merloni and Michael Merrifield and Szabolcs Meszaros and Andrea Miglio and Francesco Di Mille and Dante Minniti and Rebecca Minsley and Antonela Monachesi and Jeongin Moon and Benoit Mosser and John Mulchaey and Demitri Muna and Ricardo R. Muñoz and Adam D. Myers and Natalie Myers and Seshadri Nadathur and Preethi Nair and Kirpal Nandra and Justus Neumann and Jeffrey A. Newman and David L. Nidever and Farnik Nikakhtar and Christian Nitschelm and Julia E. O’Connell and Luis Garma-Oehmichen and Gabriel Luan Souza de Oliveira and Richard Olney and Daniel Oravetz and Mario Ortigoza-Urdaneta and Yeisson Osorio and Justin Otter and Zachary J. Pace and Nelson Padilla and Kaike Pan and Hsi-An Pan and Taniya Parikh and James Parker and Sebastien Peirani and Karla Peña Ramírez and Samantha Penny and Will J. Percival and Ismael Perez-Fournon and Marc Pinsonneault and Frédérick Poidevin and Vijith Jacob Poovelil and Adrian M. Price-Whelan and Anna Bárbara de Andrade Queiroz and M. Jordan Raddick and Amy Ray and Sandro Barboza Rembold and Nicole Riddle and Rogemar A. Riffel and Rogério Riffel and Hans-Walter Rix and Annie C. Robin and Aldo Rodríguez-Puebla and Alexandre Roman-Lopes and Carlos Román-Zúñiga and Benjamin Rose and Ashley J. Ross and Graziano Rossi and Kate H. R. Rubin and Mara Salvato and Sebástian F. Sánchez and José R. Sánchez-Gallego and Robyn Sanderson and Felipe Antonio Santana Rojas and Edgar Sarceno and Regina Sarmiento and Conor Sayres and Elizaveta Sazonova and Adam L. Schaefer and Ricardo Schiavon and David J Schlegel and Donald P. Schneider and Mathias Schultheis and Axel Schwope and Aldo Serenelli and Javier Serna and Zhengyi Shao and Griffin Shapiro and Anubhav Sharma and Yue Shen and Matthew Shetrone and Yiping Shu and Joshua D. Simon and M. F. Skrutskie and Rebecca Smethurst and Verne Smith and Jennifer Sobeck and Taylor Spoo and Dani Sprague and David V. Stark and Keivan G. Stassun and Matthias Steinmetz and Dennis Stello and Alexander Stone-Martinez and Thaisa Storchi-Bergmann and Guy S. Stringfellow and Amelia Stutz and Yung-Chau Su and Manuchehr Taghizadeh-Popp and Michael S. Talbot and Jamie Tayar and Eduardo Telles and Johanna Teske and Ani Thakar and Christopher Theissen and Andrew Tkachenko and Daniel Thomas and Rita Tojeiro and Hector Hernandez Toledo and Nicholas W. Troup and Jonathan R. Trump and James Trussler and Jacqueline Turner and Sarah Tuttle and Eduardo Unda-Sanzana and José Antonio Vázquez-Mata and Marica Valentini and Octavio Valenzuela and Jaime Vargas-González and Mariana Vargas-Magaña and Pablo Vera Alfaro and Sandro Villanova and Fiorenzo Vincenzo and David Wake and Jack T. Warfield and Jessica Diane Washington and Benjamin Alan Weaver and Anne-Marie Weijmans and David H. Weinberg and Achim Weiss and Kyle B. Westfall and Vivienne Wild and Matthew C. Wilde and John C. Wilson and Robert F. Wilson and Mikayla Wilson and Julien Wolf and W. M. Wood-Vasey and Renbin Yan and Olga Zamora and Gail Zasowski and Kai Zhang and Cheng Zhao and Zheng Zheng and Zheng Zheng and Kai Zhu},
    collaboration = {SDSS-IV Collaboration},
    title = {The Seventeenth Data Release of the Sloan Digital Sky Surveys: Complete Release of MaNGA, MaStar, and APOGEE-2 Data},
    journal = {\apjs},
    archivePrefix = {arXiv},
    eprint = {2112.02026},
    primaryClass = {astro-ph.GA}
}

@article{DES2018,
    doi = {10.3847/1538-4365/aae9f0},
    url = {https://dx.doi.org/10.3847/1538-4365/aae9f0},
    year = {2018},
    month = {nov},
    publisher = {The American Astronomical Society},
    volume = {239},
    number = {2},
    eid = {18},
    author = {T. M. C. Abbott and F. B. Abdalla and S. Allam and A. Amara and J. Annis and J. Asorey and S. Avila and O. Ballester and M. Banerji and W. Barkhouse and L. Baruah and M. Baumer and K. Bechtol and M. R. Becker and A. Benoit-Lévy and G. M. Bernstein and E. Bertin and J. Blazek and S. Bocquet and D. Brooks and D. Brout and E. Buckley-Geer and D. L. Burke and V. Busti and R. Campisano and L. Cardiel-Sas and A. Carnero Rosell and M. Carrasco Kind and J. Carretero and F. J. Castander and R. Cawthon and C. Chang and X. Chen and C. Conselice and G. Costa and M. Crocce and C. E. Cunha and C. B. D’Andrea and L. N. da Costa and R. Das and G. Daues and T. M. Davis and C. Davis and J. De Vicente and D. L. DePoy and J. DeRose and S. Desai and H. T. Diehl and J. P. Dietrich and S. Dodelson and P. Doel and A. Drlica-Wagner and T. F. Eifler and A. E. Elliott and A. E. Evrard and A. Farahi and A. Fausti Neto and E. Fernandez and D. A. Finley and B. Flaugher and R. J. Foley and P. Fosalba and D. N. Friedel and J. Frieman and J. García-Bellido and E. Gaztanaga and D. W. Gerdes and T. Giannantonio and M. S. S. Gill and K. Glazebrook and D. A. Goldstein and M. Gower and D. Gruen and R. A. Gruendl and J. Gschwend and R. R. Gupta and G. Gutierrez and S. Hamilton and W. G. Hartley and S. R. Hinton and J. M. Hislop and D. Hollowood and K. Honscheid and B. Hoyle and D. Huterer and B. Jain and D. J. James and T. Jeltema and M. W. G. Johnson and M. D. Johnson and T. Kacprzak and S. Kent and G. Khullar and M. Klein and A. Kovacs and A. M. G. Koziol and E. Krause and A. Kremin and R. Kron and K. Kuehn and S. Kuhlmann and N. Kuropatkin and O. Lahav and J. Lasker and T. S. Li and R. T. Li and A. R. Liddle and M. Lima and H. Lin and P. López-Reyes and N. MacCrann and M. A. G. Maia and J. D. Maloney and M. Manera and M. March and J. Marriner and J. L. Marshall and P. Martini and T. McClintock and T. McKay and R. G. McMahon and P. Melchior and F. Menanteau and C. J. Miller and R. Miquel and J. J. Mohr and E. Morganson and J. Mould and E. Neilsen and R. C. Nichol and F. Nogueira and B. Nord and P. Nugent and L. Nunes and R. L. C. Ogando and L. Old and A. B. Pace and A. Palmese and F. Paz-Chinchón and H. V. Peiris and W. J. Percival and D. Petravick and A. A. Plazas and J. Poh and C. Pond and A. Porredon and A. Pujol and A. Refregier and K. Reil and P. M. Ricker and R. P. Rollins and A. K. Romer and A. Roodman and P. Rooney and A. J. Ross and E. S. Rykoff and M. Sako and M. L. Sanchez and E. Sanchez and B. Santiago and A. Saro and V. Scarpine and D. Scolnic and S. Serrano and I. Sevilla-Noarbe and E. Sheldon and N. Shipp and M. L. Silveira and M. Smith and R. C. Smith and J. A. Smith and M. Soares-Santos and F. Sobreira and J. Song and A. Stebbins and E. Suchyta and M. Sullivan and M. E. C. Swanson and G. Tarle and J. Thaler and D. Thomas and R. C. Thomas and M. A. Troxel and D. L. Tucker and V. Vikram and A. K. Vivas and A. R. Walker and R. H. Wechsler and J. Weller and W. Wester and R. C. Wolf and H. Wu and B. Yanny and A. Zenteno and Y. Zhang and J. Zuntz and S. Juneau and M. Fitzpatrick and R. Nikutta and D. Nidever and K. Olsen and A. Scott},
    collaboration = {DES Collaboration and NOAO Data Lab},
    title = {The Dark Energy Survey: Data Release 1},
    journal = {\apjs},
    archivePrefix = {arXiv},
    eprint = {1801.03181},
    primaryClass = {astro-ph.IM},
}

@article{XuWangZhang2015,
    title = {Testing the tensor-vector-scalar theory with the latest cosmological observations},
    author = {Xu, Xiao-dong and Wang, Bin and Zhang, Pengjie},
    journal = {\prd},
    volume = {92},
    number = {8},
    eid = {083505},
    numpages = {15},
    year = {2015},
    month = {Oct},
    publisher = {American Physical Society},
    doi = {10.1103/PhysRevD.92.083505},
    url = {https://link.aps.org/doi/10.1103/PhysRevD.92.083505},
    archivePrefix = {arXiv},
    eprint = {1412.4073},
    primaryClass = {astro-ph.CO}
}

@article{TanWoodard2018,
    doi = {10.1088/1475-7516/2018/05/037},
    url = {https://dx.doi.org/10.1088/1475-7516/2018/05/037},
    year = {2018},
    month = {may},
    volume = {2018},
    number = {05},
    eid = {037},
    author = {L. Tan and R.P. Woodard},
    title = {Structure formation in nonlocal MOND},
    journal = {\jcap},
    archivePrefix = {arXiv},
    eprint = {1804.01669},
    primaryClass = {gr-qc}
}

@article{ZlosnikSkordis2017,
    title = {Cosmology of the Galileon extension of Bekenstein's theory of relativistic modified Newtonian dynamics},
    author = {Z\l{}o\'{s}nik, Tom and Skordis, Constantinos},
    journal = {\prd},
    volume = {95},
    number = {12},
    eid = {124023},
    numpages = {16},
    year = {2017},
    month = {Jun},
    publisher = {American Physical Society},
    doi = {10.1103/PhysRevD.95.124023},
    url = {https://link.aps.org/doi/10.1103/PhysRevD.95.124023},
    archivePrefix = {arXiv},
    eprint = {1702.00683},
    primaryClass = {gr-qc}
}

@article{SkordisZlosnik2021,
    title = {New Relativistic Theory for Modified Newtonian Dynamics},
    author = {Skordis, Constantinos and Z\l{}o\'{s}nik, Tom},
    journal = {\prl},
    volume = {127},
    number = {16},
    eid = {161302},
    numpages = {8},
    year = {2021},
    month = {Oct},
    publisher = {American Physical Society},
    doi = {10.1103/PhysRevLett.127.161302},
    url = {https://link.aps.org/doi/10.1103/PhysRevLett.127.161302},
    archivePrefix = {arXiv},
    eprint = {2007.00082},
    primaryClass = {astro-ph.CO}
}

@article{CloweEtAl2006,
    doi = {10.1086/508162},
    url = {https://dx.doi.org/10.1086/508162},
    year = {2006},
    month = {aug},
    volume = {648},
    number = {2},
    pages = {L109--L113},
    author = {Douglas Clowe and Maruša Bradač and Anthony H. Gonzalez and Maxim Markevitch and Scott W. Randall and Christine Jones and Dennis Zaritsky},
    title = {A Direct Empirical Proof of the Existence of Dark Matter*},
    journal = {\apj},
    archivePrefix = {arXiv},
    eprint = {astro-ph/0608407},
    primaryClass = {astro-ph}
}

@article{HarveyEtAl2015,
    author = {David Harvey and Richard Massey and Thomas Kitching and Andy Taylor and Eric Tittley},
    title = {The nongravitational interactions of dark matter in colliding galaxy clusters},
    journal = {\sci},
    volume = {347},
    number = {6229},
    pages = {1462--1465},
    year = {2015},
    doi = {10.1126/science.1261381},
    URL = {https://www.science.org/doi/abs/10.1126/science.1261381},
    archivePrefix = {arXiv},
    eprint = {1503.07675},
    primaryClass = {astro-ph.CO}
}

@article{BirdEtAl2023,
    title = {Snowmass2021 Cosmic Frontier White Paper: Primordial black hole dark matter},
    journal = {Physics of the Dark Universe},
    volume = {41},
    eid = {101231},
    year = {2023},
    issn = {2212-6864},
    doi = {10.1016/j.dark.2023.101231},
    url = {https://www.sciencedirect.com/science/article/pii/S2212686423000651},
    author = {Simeon Bird and Andrea Albert and Will Dawson and Yacine Ali-Haïmoud and Adam Coogan and Alex Drlica-Wagner and Qi Feng and Derek Inman and Keisuke Inomata and Ely Kovetz and Alexander Kusenko and Benjamin V. Lehmann and Julian B. Muñoz and Rajeev Singh and Volodymyr Takhistov and Yu-Dai Tsai},
    keywords = {Primordial black holes, Dark matter, Snowmass2021},
    archivePrefix = {arXiv},
    eprint = {2203.08967},
    primaryClass = {hep-ph},
}

@ARTICLE{NavarroFrenkWhite1996,
       author = {{Navarro}, Julio F. and {Frenk}, Carlos S. and {White}, Simon D.~M.},
        title = "{The Structure of Cold Dark Matter Halos}",
      journal = {\apj},
         year = 1996,
        month = may,
       volume = {462},
        pages = {563},
          doi = {10.1086/177173},
archivePrefix = {arXiv},
       eprint = {astro-ph/9508025},
 primaryClass = {astro-ph},
       adsurl = {https://ui.adsabs.harvard.edu/abs/1996ApJ...462..563N},
      adsnote = {Provided by the SAO/NASA Astrophysics Data System}
}

@ARTICLE{Einasto1965,
       author = {{Einasto}, J. E.},
        title = {O Postroenii Sostavnoj Modeli Galaktiki i Opredelenii Sistemy Galaktičeskih Parameterov},
      journal = {\taiaa},
         year = 1965,
        month = jan,
       volume = {5},
        pages = {87--100},
   eprinttype = {ads},
       eprint = {1965TrAlm...5...87E},
       adsurl = {https://ui.adsabs.harvard.edu/abs/1965TrAlm...5...87E},
      adsnote = {Provided by the SAO/NASA Astrophysics Data System}
}

@article{MerrittEtAl2006,
    doi = {10.1086/508988},
    url = {https://dx.doi.org/10.1086/508988},
    year = {2006},
    month = {nov},
    volume = {132},
    number = {6},
    pages = {2685},
    author = {David Merritt and Alister W. Graham and Ben Moore and Jürg Diemand and Balša Terzić},
    title = {Empirical Models for Dark Matter Halos. I. Nonparametric Construction of Density Profiles and Comparison with Parametric Models},
    journal = {\aj}
}

@article{Burkert1995,
    doi = {10.1086/309560},
    url = {https://dx.doi.org/10.1086/309560},
    year = {1995},
    month = {jul},
    volume = {447},
    number = {1},
    pages = {L25},
    author = {A. Burkert},
    title = {The Structure of Dark Matter Halos in Dwarf Galaxies},
    journal = {\apj}
}

@ARTICLE{BahcallSoneira1980,
       author = {{Bahcall}, J.~N. and {Soneira}, R.~M.},
        title = "{The universe at faint magnitudes. I. Models for the Galaxy and the predicted star counts.}",
      journal = {\apjs},
         year = 1980,
        month = sep,
       volume = {44},
        pages = {73--110},
          doi = {10.1086/190685},
       adsurl = {https://ui.adsabs.harvard.edu/abs/1980ApJS...44...73B},
      adsnote = {Provided by the SAO/NASA Astrophysics Data System}
}

@article{BegemanBroeilsSanders1991,
    author = {Begeman, K. G. and Broeils, A. H. and Sanders, R. H.},
    title = "{Extended rotation curves of spiral galaxies: dark haloes and modified dynamics}",
    journal = {\mnras},
    volume = {249},
    number = {3},
    pages = {523--537},
    year = {1991},
    month = {04},
    issn = {0035-8711},
    doi = {10.1093/mnras/249.3.523},
    url = {https://doi.org/10.1093/mnras/249.3.523}
}

@ARTICLE{LyndenBell1967,
       author = {{Lynden-Bell}, D.},
        title = "{Statistical mechanics of violent relaxation in stellar systems}",
      journal = {\mnras},
         year = 1967,
        month = jan,
       volume = {136},
        pages = {101},
          doi = {10.1093/mnras/136.1.101},
       adsurl = {https://ui.adsabs.harvard.edu/abs/1967MNRAS.136..101L},
      adsnote = {Provided by the SAO/NASA Astrophysics Data System}
}

@article{FairbairnSchwetz2009,
    doi = {10.1088/1475-7516/2009/01/037},
    url = {https://dx.doi.org/10.1088/1475-7516/2009/01/037},
    year = {2009},
    month = {jan},
    volume = {2009},
    number = {01},
    eid = {037},
    author = {Malcolm Fairbairn and  Thomas Schwetz},
    title = {Spin-independent elastic WIMP scattering and the DAMA annual modulation signal},
    journal = {\jcap},
    archivePrefix = {arXiv},
    eprint = {0808.0704},
    primaryClass = {hep-ph}
}

@article{KuhlenEtAl2010,
    doi = {10.1088/1475-7516/2010/02/030},
    url = {https://dx.doi.org/10.1088/1475-7516/2010/02/030},
    year = {2010},
    month = {feb},
    volume = {2010},
    number = {02},
    eid = {030},
    author = {Michael Kuhlen and  Neal Weiner and  Jürg Diemand and  Piero Madau and  Ben Moore and  Doug Potter and  Joachim Stadel and  Marcel Zemp},
    title = {Dark matter direct detection with non-Maxwellian velocity structure},
    journal = {\jcap},
    archivePrefix = {arXiv},
    eprint = {0912.2358},
    primaryClass = {astro-ph.GA}
}

@article{BelokurovEtAl2018,
    author = {Belokurov, V and Erkal, D and Evans, N W and Koposov, S E and Deason, A J},
    title = "{Co-formation of the disc and the stellar halo}",
    journal = {\mnras},
    volume = {478},
    number = {1},
    pages = {611--619},
    year = {2018},
    month = {06},
    issn = {0035-8711},
    doi = {10.1093/mnras/sty982},
    url = {https://doi.org/10.1093/mnras/sty982},
    archivePrefix = {arXiv},
    eprint = {1802.03414},
    primaryClass = {astro-ph.GA}
}

@article{KruijssenEtAl2018,
    author = {Kruijssen, J M Diederik and Pfeffer, Joel L and Reina-Campos, Marta and Crain, Robert A and Bastian, Nate},
    title = "{The formation and assembly history of the Milky Way revealed by its globular cluster population}",
    journal = {\mnras},
    volume = {486},
    number = {3},
    pages = {3180--3202},
    year = {2018},
    month = {06},
    issn = {0035-8711},
    doi = {10.1093/mnras/sty1609},
    url = {https://doi.org/10.1093/mnras/sty1609},
    archivePrefix = {arXiv},
    eprint = {1806.05680},
    primaryClass = {astro-ph.GA}
}

@ARTICLE{HelmiEtAl2018,
       author = {{Helmi}, Amina and {Babusiaux}, Carine and {Koppelman}, Helmer H. and {Massari}, Davide and {Veljanoski}, Jovan and {Brown}, Anthony G.~A.},
        title = "{The merger that led to the formation of the Milky Way's inner stellar halo and thick disk}",
      journal = {\nat},
         year = 2018,
        month = oct,
       volume = {563},
       number = {7729},
        pages = {85--88},
          doi = {10.1038/s41586-018-0625-x},
archivePrefix = {arXiv},
       eprint = {1806.06038},
 primaryClass = {astro-ph.GA},
       adsurl = {https://ui.adsabs.harvard.edu/abs/2018Natur.563...85H},
      adsnote = {Provided by the SAO/NASA Astrophysics Data System}
}

@article{LisantiEtAl2011,
    title = {Dark matter at the end of the Galaxy},
    author = {Lisanti, Mariangela and Strigari, Louis E. and Wacker, Jay G. and Wechsler, Risa H.},
    journal = {\prd},
    volume = {83},
    number = {2},
    eid = {023519},
    numpages = {10},
    year = {2011},
    month = {Jan},
    publisher = {American Physical Society},
    doi = {10.1103/PhysRevD.83.023519},
    archivePrefix = {arXiv},
    eprint = {1010.4300},
    primaryClass = {astro-ph.CO},
    url = {https://link.aps.org/doi/10.1103/PhysRevD.83.023519}
}

@article{NecibLisantiBelokurov2019,
    doi = {10.3847/1538-4357/ab095b},
    url = {https://dx.doi.org/10.3847/1538-4357/ab095b},
    year = {2019},
    month = {mar},
    publisher = {The American Astronomical Society},
    volume = {874},
    number = {1},
    eid = {3},
    author = {Lina Necib and Mariangela Lisanti and Vasily Belokurov},
    title = {Inferred Evidence for Dark Matter Kinematic Substructure with SDSS–Gaia},
    journal = {\apj},
    archivePrefix = {arXiv},
    eprint = {1807.02519},
    primaryClass = {astro-ph.GA}
}

@article{BelokurovEtAl2013,
    author = {Belokurov, V. and Koposov, S. E. and Evans, N. W. and Peñarrubia, J. and Irwin, M. J. and Smith, M. C. and Lewis, G. F. and Gieles, M. and Wilkinson, M. I. and Gilmore, G. and Olszewski, E. W. and Niederste-Ostholt, M.},
    title = "{Precession of the Sagittarius stream}",
    journal = {\mnras},
    volume = {437},
    number = {1},
    pages = {116--131},
    year = {2013},
    month = {11},
    issn = {0035-8711},
    doi = {10.1093/mnras/stt1862},
    url = {https://doi.org/10.1093/mnras/stt1862},
    archivePrefix = {arXiv},
    eprint = {1301.7069},
    primaryClass = {astro-ph.GA},
}

@article{MoMaoWhite1998,
    author = {Mo, H. J. and Mao, Shude and White, Simon D. M.},
    title = "{The formation of galactic discs}",
    journal = {\mnras},
    volume = {295},
    number = {2},
    pages = {319--336},
    year = {1998},
    month = {04},
    issn = {0035-8711},
    doi = {10.1046/j.1365-8711.1998.01227.x},
    url = {https://doi.org/10.1046/j.1365-8711.1998.01227.x}
}

@ARTICLE{WarrenEtAl1992,
       author = {{Warren}, Michael S. and {Quinn}, Peter J. and {Salmon}, John K. and {Zurek}, Wojciech H.},
        title = "{Dark Halos Formed via Dissipationless Collapse. I. Shapes and Alignment of Angular Momentum}",
      journal = {\apj},
         year = 1992,
        month = nov,
       volume = {399},
        pages = {405},
          doi = {10.1086/171937},
       adsurl = {https://ui.adsabs.harvard.edu/abs/1992ApJ...399..405W},
      adsnote = {Provided by the SAO/NASA Astrophysics Data System}
}

@ARTICLE{KimmEtAl2011,
       author = {{Kimm}, Taysun and {Devriendt}, Julien and {Slyz}, Adrianne and {Pichon}, Christophe and {Kassin}, Susan A. and {Dubois}, Yohan},
        title = "{The angular momentum of baryons and dark matter halos revisited}",
      journal = {arXiv e-prints},
         year = 2011,
        month = jun,
          eid = {arXiv:1106.0538},
          doi = {10.48550/arXiv.1106.0538},
archivePrefix = {arXiv},
       eprint = {1106.0538},
 primaryClass = {astro-ph.CO},
       adsurl = {https://ui.adsabs.harvard.edu/abs/2011arXiv1106.0538K},
      adsnote = {Provided by the SAO/NASA Astrophysics Data System}
}

@article{GaisserHonda2002,
    author = "Gaisser, T. K. and Honda, M.",
    title = "Flux of Atmospheric Neutrinos", 
    journal = {\arnps},
    month = "dec",
    year = "2002",
    volume = "52",
    pages = "153--199",
    doi = "10.1146/annurev.nucl.52.050102.090645",
    url = "https://www.annualreviews.org/content/journals/10.1146/annurev.nucl.52.050102.090645",
    publisher = "Annual Reviews",
    issn = "1545-4134",
    archivePrefix = {arXiv},
    eprint = {hep-ph/0203272},
    primaryClass = {hep-ph}
}

@article{FitzpatrickEtAl2013,
    doi = {10.1088/1475-7516/2013/02/004},
    url = {https://dx.doi.org/10.1088/1475-7516/2013/02/004},
    year = {2013},
    month = {feb},
    volume = {2013},
    number = {02},
    eid = {004},
    journal = {\jcap},
    author = {A. Liam Fitzpatrick and  Wick Haxton and  Emanuel Katz and  Nicholas Lubbers and  Yiming Xu},
    title = {The effective field theory of dark matter direct detection},
    archivePrefix = {arXiv},
    eprint = {1203.3542},
    primaryClass = {hep-ph}
}

@article{Davis2015,
    doi = {10.1088/1475-7516/2015/03/012},
    url = {https://dx.doi.org/10.1088/1475-7516/2015/03/012},
    year = {2015},
    month = {mar},
    volume = {2015},
    number = {03},
    eid = {012},
    author = {Jonathan H. Davis},
    title = {Dark matter vs. neutrinos: the effect of astrophysical uncertainties and timing information on the neutrino floor},
    journal = {\jcap},
    archivePrefix = {arXiv},
    eprint = {1412.1475},
    primaryClass = {hep-ph}
}

@article{Beacom2010,
    author = "Beacom, John F.",
    title = "The Diffuse Supernova Neutrino Background", 
    journal = {\arnps},
    month = "jul",
    year = "2010",
    volume = "60",
    pages = "439--462",
    doi = "10.1146/annurev.nucl.010909.083331",
    url = "https://www.annualreviews.org/content/journals/10.1146/annurev.nucl.010909.083331",
    publisher = "Annual Reviews",
    issn = "1545-4134",
    archivePrefix = {arXiv},
    eprint = {1004.3311},
    primaryClass = {astro-ph.HE}
}

@ARTICLE{Vinyoles2017,
       author = {{Vinyoles}, N{\'u}ria and {Serenelli}, Aldo M. and
         {Villante}, Francesco L. and {Basu}, Sarbani and
         {Bergstr{\"o}m}, Johannes and {Gonzalez-Garcia}, M.~C. and
         {Maltoni}, Michele and {Pe{\~n}a-Garay}, Carlos and {Song}, Ningqiang},
        title = "{A New Generation of Standard Solar Models}",
      journal = {\apj},
         year = "2017",
        month = "Feb",
       volume = {835},
       number = {2},
          eid = {202},
          doi = {10.3847/1538-4357/835/2/202},
archivePrefix = {arXiv},
       eprint = {1611.09867},
 primaryClass = {astro-ph.SR},
       adsurl = {https://ui.adsabs.harvard.edu/abs/2017ApJ...835..202V},
      adsnote = {Provided by the SAO/NASA Astrophysics Data System}
}

@ARTICLE{BergstromEtAl2016,
       author = {{Bergstr{\"o}m}, Johannes and {Gonzalez-Garcia}, M.~C. and {Maltoni}, Michele and {Pe{\~n}a-Garay}, Carlos and {Serenelli}, Aldo M. and {Song}, Ningqiang},
        title = "{Updated determination of the solar neutrino fluxes from solar neutrino data}",
      journal = {\jhep},
         year = 2016,
        month = mar,
       volume = {2016},
          eid = {132},
          doi = {10.1007/JHEP03(2016)132},
archivePrefix = {arXiv},
       eprint = {1601.00972},
 primaryClass = {hep-ph},
       adsurl = {https://ui.adsabs.harvard.edu/abs/2016JHEP...03..132B},
      adsnote = {Provided by the SAO/NASA Astrophysics Data System}
}

@article{OrebiGann2021,
    author = "Orebi Gann, Gabriel D. and Zuber, Kai and Bemmerer, Daniel and Serenelli, Aldo",
    title = "The Future of Solar Neutrinos", 
    journal = {\arnps},
    month = "jul",
    year = "2021",
    volume = "71",
    pages = "491--528",
    doi = "10.1146/annurev-nucl-011921-061243",
    url = "https://www.annualreviews.org/content/journals/10.1146/annurev-nucl-011921-061243",
    publisher = "Annual Reviews",
    issn = "1545-4134",
    archivePrefix = {arXiv},
    eprint = {2107.08613},
    primaryClass = {hep-ph}
}

@article{BattistoniEtAl2005,
    title = {The atmospheric neutrino flux below 100MeV: The FLUKA results},
    journal = {\app},
    volume = {23},
    number = {5},
    pages = {526--534},
    month = {jun},
    year = {2005},
    issn = {0927-6505},
    doi = {10.1016/j.astropartphys.2005.03.006},
    url = {https://www.sciencedirect.com/science/article/pii/S0927650505000526},
    author = {G. Battistoni and A. Ferrari and T. Montaruli and P.R. Sala}
}

@article{MaEtAl2013,
    title = {Improved calculation of the energy release in neutron-induced fission},
    author = {Ma, X. B. and Zhong, W. L. and Wang, L. Z. and Chen, Y. X. and Cao, J.},
    journal = {\prc},
    volume = {88},
    number = {1},
    eid = {014605},
    numpages = {6},
    year = {2013},
    month = {Jul},
    publisher = {American Physical Society},
    doi = {10.1103/PhysRevC.88.014605},
    archivePrefix = {arXiv},
    eprint = {1212.6625},
    primaryClass = {nucl-ex},
    url = {https://link.aps.org/doi/10.1103/PhysRevC.88.014605}
}

@article{MuellerEtAl2011,
    title = {Improved predictions of reactor antineutrino spectra},
    author = {Mueller, Th. A. and Lhuillier, D. and Fallot, M. and Letourneau, A. and Cormon, S. and Fechner, M. and Giot, L. and Lasserre, T. and Martino, J. and Mention, G. and Porta, A. and Yermia, F.},
    journal = {\prc},
    volume = {83},
    number = {5},
    eid = {054615},
    numpages = {17},
    year = {2011},
    month = {May},
    publisher = {American Physical Society},
    doi = {10.1103/PhysRevC.83.054615},
    archivePrefix = {arXiv},
    eprint = {1101.2663},
    primaryClass = {hep-ex},
    url = {https://link.aps.org/doi/10.1103/PhysRevC.83.054615}
}

@article{Baldoncini2015,
    title = {Reference worldwide model for antineutrinos from reactors},
    author = {Baldoncini, Marica and Callegari, Ivan and Fiorentini, Giovanni and Mantovani, Fabio and Ricci, Barbara and Strati, Virginia and Xhixha, Gerti},
    journal = {\prd},
    volume = {91},
    number = {6},
    eid = {065002},
    numpages = {16},
    year = {2015},
    month = {Mar},
    publisher = {American Physical Society},
    doi = {10.1103/PhysRevD.91.065002},
    archivePrefix = {arXiv},
    eprint = {1411.6475},
    primaryClass = {physics.ins-det},
    url = {https://link.aps.org/doi/10.1103/PhysRevD.91.065002}
}


@article{LudhovaZavatarelli2013,
    author = {Ludhova, L. and Zavatarelli, S.},
    title = {Studying the Earth with Geoneutrinos},
    journal = {\ahep},
    month = {nov},
    volume = {2013},
    number = {1},
    eid = {425693},
    doi = {https://doi.org/10.1155/2013/425693},
    url = {https://onlinelibrary.wiley.com/doi/abs/10.1155/2013/425693},
    year = {2013},
    archivePrefix = {arXiv},
    eprint = {1310.3961},
    primaryClass = {hep-ex}
}

@article{HuangEtAl2013,
    author = {Huang, Yu and Chubakov, Viacheslav and Mantovani, Fabio and Rudnick, Roberta L. and McDonough, William F.},
    title = {A reference Earth model for the heat-producing elements and associated geoneutrino flux},
    journal = {\gcgpgs},
    volume = {14},
    number = {6},
    pages = {2003--2029},
    doi = {10.1002/ggge.20129},
    url = {https://agupubs.onlinelibrary.wiley.com/doi/abs/10.1002/ggge.20129},
    month = {mar},
    year = {2013},
    archivePrefix = {arXiv},
    eprint = {1301.0365},
    primaryClass = {physics.geo-ph}
}

@article{VitaglianoTamborraRaffelt2020,
    title = {Grand unified neutrino spectrum at Earth: Sources and spectral components},
    author = {Vitagliano, Edoardo and Tamborra, Irene and Raffelt, Georg},
    journal = {\rmp},
    volume = {92},
    number = {4},
    eid = {045006},
    numpages = {58},
    year = {2020},
    month = {Dec},
    publisher = {American Physical Society},
    doi = {10.1103/RevModPhys.92.045006},
    archivePrefix = {arXiv},
    eprint = {1910.11878},
    primaryClass = {astro-ph.HE},
    url = {https://link.aps.org/doi/10.1103/RevModPhys.92.045006}
}

@article{OHare2016,
    title = {Dark matter astrophysical uncertainties and the neutrino floor},
    author = {O'Hare, Ciaran A. J.},
    journal = {\prd},
    volume = {94},
    number = {6},
    eid = {063527},
    numpages = {16},
    year = {2016},
    month = {Sep},
    publisher = {American Physical Society},
    doi = {10.1103/PhysRevD.94.063527},
    archivePrefix = {arXiv},
    eprint = {1604.03858},
    primaryClass = {astro-ph.CO},
    url = {https://link.aps.org/doi/10.1103/PhysRevD.94.063527}
}

@article{GaspertGiampaMorrissey2022,
    title = {Neutrino backgrounds in future liquid noble element dark matter direct detection experiments},
    author = {Gaspert, Andr\'ea and Giampa, Pietro and Morrissey, David E.},
    journal = {\prd},
    volume = {105},
    number = {3},
    eid = {035020},
    numpages = {21},
    year = {2022},
    month = {Feb},
    publisher = {American Physical Society},
    doi = {10.1103/PhysRevD.105.035020},
    archivePrefix = {arXiv},
    eprint = {2108.03248},
    primaryClass = {hep-ph},
    url = {https://link.aps.org/doi/10.1103/PhysRevD.105.035020}
}

@ARTICLE{LZ2024,
       author = {{Aalbers}, J. and {Akerib}, D.~S. and {Al Musalhi}, A.~K. and {Alder}, F. and {Amarasinghe}, C.~S. and {Ames}, A. and {Anderson}, T.~J. and {Angelides}, N. and {Ara{\'u}jo}, H.~M. and {Armstrong}, J.~E. and {Arthurs}, M. and {Baker}, A. and {Balashov}, S. and {Bang}, J. and {Bargemann}, J.~W. and {Barillier}, E.~E. and {Bauer}, D. and {Beattie}, K. and {Benson}, T. and {Bhatti}, A. and {Biekert}, A. and {Biesiadzinski}, T.~P. and {Birch}, H.~J. and {Bishop}, E. and {Blockinger}, G.~M. and {Boxer}, B. and {Brew}, C.~A.~J. and {Br{\'a}s}, P. and {Burdin}, S. and {Buuck}, M. and {Carmona-Benitez}, M.~C. and {Carter}, M. and {Chawla}, A. and {Chen}, H. and {Cherwinka}, J.~J. and {Chin}, Y.~T. and {Chott}, N.~I. and {Converse}, M.~V. and {Coronel}, R. and {Cottle}, A. and {Cox}, G. and {Curran}, D. and {Dahl}, C.~E. and {Darlington}, I. and {Dave}, S. and {David}, A. and {Delgaudio}, J. and {Dey}, S. and {de Viveiros}, L. and {Di Felice}, L. and {Ding}, C. and {Dobson}, J.~E.~Y. and {Druszkiewicz}, E. and {Dubey}, S. and {Eriksen}, S.~R. and {Fan}, A. and {Fayer}, S. and {Fearon}, N.~M. and {Fieldhouse}, N. and {Fiorucci}, S. and {Flaecher}, H. and {Fraser}, E.~D. and {Fruth}, T.~M.~A. and {Gaitskell}, R.~J. and {Geffre}, A. and {Genovesi}, J. and {Ghag}, C. and {Ghosh}, A. and {Gibbons}, R. and {Gokhale}, S. and {Green}, J. and {van der Grinten}, M.~G.~D. and {Haiston}, J.~J. and {Hall}, C.~R. and {Hall}, T.~J. and {Han}, S. and {Hartigan-O'Connor}, E. and {Haselschwardt}, S.~J. and {Hernandez}, M.~A. and {Hertel}, S.~A. and {Heuermann}, G. and {Homenides}, G.~J. and {Horn}, M. and {Huang}, D.~Q. and {Hunt}, D. and {Jacquet}, E. and {James}, R.~S. and {Johnson}, J. and {Kaboth}, A.~C. and {Kamaha}, A.~C. and {Meghna K.}, K. and {Khaitan}, D. and {Khazov}, A. and {Khurana}, I. and {Kim}, J. and {Kim}, Y.~D. and {Kingston}, J. and {Kirk}, R. and {Kodroff}, D. and {Korley}, L. and {Korolkova}, E.~V. and {Kraus}, H. and {Kravitz}, S. and {Kreczko}, L. and {Kudryavtsev}, V.~A. and {Lawes}, C. and {Leonard}, D.~S. and {Lesko}, K.~T. and {Levy}, C. and {Lin}, J. and {Lindote}, A. and {Lippincott}, W.~H. and {Lopes}, M.~I. and {Lorenzon}, W. and {Lu}, C. and {Luitz}, S. and {Majewski}, P.~A. and {Manalaysay}, A. and {Mannino}, R.~L. and {Maupin}, C. and {McCarthy}, M.~E. and {McDowell}, G. and {McKinsey}, D.~N. and {McLaughlin}, J. and {McLaughlin}, J.~B. and {McMonigle}, R. and {Mizrachi}, E. and {Monte}, A. and {Monzani}, M.~E. and {Morales Mendoza}, J.~D. and {Morrison}, E. and {Mount}, B.~J. and {Murdy}, M. and {Murphy}, A. St. J. and {Naylor}, A. and {Nelson}, H.~N. and {Neves}, F. and {Nguyen}, A. and {O'Brien}, C.~L. and {Olcina}, I. and {Oliver-Mallory}, K.~C. and {Orpwood}, J. and {Y Oyulmaz}, K. and {Palladino}, K.~J. and {Palmer}, J. and {Pannifer}, N.~J. and {Parveen}, N. and {Patton}, S.~J. and {Penning}, B. and {Pereira}, G. and {Perry}, E. and {Pershing}, T. and {Piepke}, A. and {Qie}, Y. and {Reichenbacher}, J. and {Rhyne}, C.~A. and {Richards}, A. and {Riffard}, Q. and {Rischbieter}, G.~R.~C. and {Ritchey}, E. and {Riyat}, H.~S. and {Rosero}, R. and {Rushton}, T. and {Rynders}, D. and {Santone}, D. and {Sazzad}, A.~B.~M.~R. and {Schnee}, R.~W. and {Sehr}, G. and {Shafer}, B. and {Shaw}, S. and {Shutt}, T. and {Silk}, J.~J. and {Silva}, C. and {Sinev}, G. and {Siniscalco}, J. and {Smith}, R. and {Solovov}, V.~N. and {Sorensen}, P. and {Soria}, J. and {Stancu}, I. and {Stevens}, A. and {Stifter}, K. and {Suerfu}, B. and {Sumner}, T.~J. and {Szydagis}, M. and {Tiedt}, D.~R. and {Timalsina}, M. and {Tong}, Z. and {Tovey}, D.~R. and {Tranter}, J. and {Trask}, M. and {Tripathi}, M. and {Us{\'o}n}, A. and {Vacheret}, A. and {Vaitkus}, A.~C. and {Valentino}, O. and {Velan}, V. and {Wang}, A. and {Wang}, J.~J. and {Wang}, Y. and {Watson}, J.~R. and {Weeldreyer}, L. and {Whitis}, T.~J. and {Wild}, K. and {Williams}, M. and {Wisniewski}, W.~J. and {Wolf}, L. and {Wolfs}, F.~L.~H. and {Woodford}, S. and {Woodward}, D. and {Wright}, C.~J. and {Xia}, Q. and {Xu}, J. and {Xu}, Y. and {Yeh}, M. and {Yeum}, D. and {Zha}, W. and {Zweig}, E.~A.},
collaboration = "LUX--ZEPLIN Collaboration",
        title = "{Dark Matter Search Results from 4.2 Tonne-Years of Exposure of the LUX-ZEPLIN (LZ) Experiment}",
      journal = {arXiv e-prints},
         year = 2024,
        month = oct,
          eid = {arXiv:2410.17036},
          doi = {10.48550/arXiv.2410.17036},
archivePrefix = {arXiv},
       eprint = {2410.17036},
 primaryClass = {hep-ex},
       adsurl = {https://ui.adsabs.harvard.edu/abs/2024arXiv241017036A},
      adsnote = {Provided by the SAO/NASA Astrophysics Data System}
}


@article{DarkSide2023,
    title = {Search for Dark-Matter--Nucleon Interactions via Migdal Effect with DarkSide-50},
    author = {Agnes, P. and Albuquerque, I. F. M. and Alexander, T. and Alton, A. K. and Ave, M. and Back, H. O. and Batignani, G. and Biery, K. and Bocci, V. and Bonivento, W. M. and Bottino, B. and Bussino, S. and Cadeddu, M. and Cadoni, M. and Calaprice, F. and Caminata, A. and Campos, M. D. and Canci, N. and Caravati, M. and Cargioli, N. and Cariello, M. and Carlini, M. and Cataudella, V. and Cavalcante, P. and Cavuoti, S. and Chashin, S. and Chepurnov, A. and Cical\o, C. and Covone, G. and D'Angelo, D. and Davini, S. and De Candia, A. and De Cecco, S. and De Filippis, G. and De Rosa, G. and Derbin, A. V. and Devoto, A. and D'Incecco, M. and Dionisi, C. and Dordei, F. and Downing, M. and D'Urso, D. and Fairbairn, M. and Fiorillo, G. and Franco, D. and Gabriele, F. and Galbiati, C. and Ghiano, C. and Giganti, C. and Giovanetti, G. K. and Goretti, A. M. and Grilli di Cortona, G. and Grobov, A. and Gromov, M. and Guan, M. and Gulino, M. and Hackett, B. R. and Herner, K. and Hessel, T. and Hosseini, B. and Hubaut, F. and Hungerford, E. V. and Ianni, An. and Ippolito, V. and Keeter, K. and Kendziora, C. L. and Kimura, M. and Kochanek, I. and Korablev, D. and Korga, G. and Kubankin, A. and Kuss, M. and La Commara, M. and Lai, M. and Li, X. and Lissia, M. and Longo, G. and Lychagina, O. and Machulin, I. N. and Mapelli, L. P. and Mari, S. M. and Maricic, J. and Messina, A. and Milincic, R. and Monroe, J. and Morrocchi, M. and Mougeot, X. and Muratova, V. N. and Musico, P. and Nozdrina, A. O. and Oleinik, A. and Ortica, F. and Pagani, L. and Pallavicini, M. and Pandola, L. and Pantic, E. and Paoloni, E. and Pelczar, K. and Pelliccia, N. and Piacentini, S. and Pocar, A. and Poehlmann, D. M. and Pordes, S. and Poudel, S. S. and Pralavorio, P. and Price, D. D. and Ragusa, F. and Razeti, M. and Razeto, A. and Renshaw, A. L. and Rescigno, M. and Rode, J. and Romani, A. and Sablone, D. and Samoylov, O. and Sandford, E. and Sands, W. and Sanfilippo, S. and Savarese, C. and Schlitzer, B. and Semenov, D. A. and Shchagin, A. and Sheshukov, A. and Skorokhvatov, M. D. and Smirnov, O. and Sotnikov, A. and Stracka, S. and Suvorov, Y. and Tartaglia, R. and Testera, G. and Tonazzo, A. and Unzhakov, E. V. and Vishneva, A. and Vogelaar, R. B. and Wada, M. and Wang, H. and Wang, Y. and Westerdale, S. and Wojcik, M. M. and Xiao, X. and Yang, C. and Zuzel, G.},
    collaboration = {DarkSide Collaboration},
    journal = {\prl},
    volume = {130},
    number = {10},
    eid = {101001},
    numpages = {7},
    year = {2023},
    month = {Mar},
    publisher = {American Physical Society},
    doi = {10.1103/PhysRevLett.130.101001},
    archivePrefix = {arXiv},
    eprint = {2207.11967},
    primaryClass = {hep-ex},
    url = {https://link.aps.org/doi/10.1103/PhysRevLett.130.101001},
}

@article{XENONnT2023,
    title = {First Dark Matter Search with Nuclear Recoils from the XENONnT Experiment},
    author = {{Aprile}, E. and {Abe}, K. and {Agostini}, F. and {Ahmed Maouloud}, S. and {Althueser}, L. and {Andrieu}, B. and {Angelino}, E. and {Angevaare}, J.~R. and {Antochi}, V.~C. and {Ant{\'o}n Martin}, D. and {Arneodo}, F. and {Baudis}, L. and {Baxter}, A.~L. and {Bazyk}, M. and {Bellagamba}, L. and {Biondi}, R. and {Bismark}, A. and {Brookes}, E.~J. and {Brown}, A. and {Bruenner}, S. and {Bruno}, G. and {Budnik}, R. and {Bui}, T.~K. and {Cai}, C. and {Cardoso}, J.~M.~R. and {Cichon}, D. and {Cimental Chavez}, A.~P. and {Colijn}, A.~P. and {Conrad}, J. and {Cuenca-Garc{\'\i}a}, J.~J. and {Cussonneau}, J.~P. and {D'Andrea}, V. and {Decowski}, M.~P. and {di Gangi}, P. and {di Pede}, S. and {Diglio}, S. and {Eitel}, K. and {Elykov}, A. and {Farrell}, S. and {Ferella}, A.~D. and {Ferrari}, C. and {Fischer}, H. and {Flierman}, M. and {Fulgione}, W. and {Fuselli}, C. and {Gaemers}, P. and {Gaior}, R. and {Gallo Rosso}, A. and {Galloway}, M. and {Gao}, F. and {Glade-Beucke}, R. and {Grandi}, L. and {Grigat}, J. and {Guan}, H. and {Guida}, M. and {Hammann}, R. and {Higuera}, A. and {Hils}, C. and {Hoetzsch}, L. and {Hood}, N.~F. and {Howlett}, J. and {Iacovacci}, M. and {Itow}, Y. and {Jakob}, J. and {Joerg}, F. and {Joy}, A. and {Kato}, N. and {Kara}, M. and {Kavrigin}, P. and {Kazama}, S. and {Kobayashi}, M. and {Koltman}, G. and {Kopec}, A. and {Kuger}, F. and {Landsman}, H. and {Lang}, R.~F. and {Levinson}, L. and {Li}, I. and {Li}, S. and {Liang}, S. and {Lindemann}, S. and {Lindner}, M. and {Liu}, K. and {Loizeau}, J. and {Lombardi}, F. and {Long}, J. and {Lopes}, J.~A.~M. and {Ma}, Y. and {Macolino}, C. and {Mahlstedt}, J. and {Mancuso}, A. and {Manenti}, L. and {Marignetti}, F. and {Marrod{\'a}n Undagoitia}, T. and {Martens}, K. and {Masbou}, J. and {Masson}, D. and {Masson}, E. and {Mastroianni}, S. and {Messina}, M. and {Miuchi}, K. and {Mizukoshi}, K. and {Molinario}, A. and {Moriyama}, S. and {Mor{\^a}}, K. and {Mosbacher}, Y. and {Murra}, M. and {M{\"u}ller}, J. and {Ni}, K. and {Oberlack}, U. and {Paetsch}, B. and {Palacio}, J. and {Peres}, R. and {Peters}, C. and {Pienaar}, J. and {Pierre}, M. and {Pizzella}, V. and {Plante}, G. and {Qi}, J. and {Qin}, J. and {Ram{\'\i}rez Garc{\'\i}a}, D. and {Singh}, R. and {Sanchez}, L. and {Dos Santos}, J.~M.~F. and {Sarnoff}, I. and {Sartorelli}, G. and {Schreiner}, J. and {Schulte}, D. and {Schulte}, P. and {Schulze Ei{\ss}ing}, H. and {Schumann}, M. and {Scotto Lavina}, L. and {Selvi}, M. and {Semeria}, F. and {Shagin}, P. and {Shi}, S. and {Shockley}, E. and {Silva}, M. and {Simgen}, H. and {Takeda}, A. and {Tan}, P. -L. and {Terliuk}, A. and {Thers}, D. and {Toschi}, F. and {Trinchero}, G. and {Tunnell}, C. and {T{\"o}nnies}, F. and {Valerius}, K. and {Volta}, G. and {Weinheimer}, C. and {Weiss}, M. and {Wenz}, D. and {Wittweg}, C. and {Wolf}, T. and {Wu}, V.~H.~S. and {Xing}, Y. and {Xu}, D. and {Xu}, Z. and {Yamashita}, M. and {Yang}, L. and {Ye}, J. and {Yuan}, L. and {Zavattini}, G. and {Zhong}, M. and {Zhu}, T.},
    collaboration = {XENON Collaboration},
    journal = {\prl},
    volume = {131},
    number = {4},
    eid = {041003},
    year = {2023},
    month = {jul},
    eid = {041003},
    doi = {10.1103/PhysRevLett.131.041003},
    archivePrefix = {arXiv},
    eprint = {2303.14729},
    primaryClass = {hep-ex}
}

@article{CDEX2019,
    title = {Constraints on Spin-Independent Nucleus Scattering with sub-GeV Weakly Interacting Massive Particle Dark Matter from the CDEX-1B Experiment at the China Jinping Underground Laboratory},
    author = {Liu, Z. Z. and Yue, Q. and Yang, L. T. and Kang, K. J. and Li, Y. J. and Wong, H. T. and Agartioglu, M. and An, H. P. and Chang, J. P. and Chen, J. H. and Chen, Y. H. and Cheng, J. P. and Deng, Z. and Du, Q. and Gong, H. and Guo, X. Y. and Guo, Q. J. and He, L. and He, S. M. and Hu, J. W. and Hu, Q. D. and Huang, H. X. and Jia, L. P. and Jiang, H. and Li, H. B. and Li, H. and Li, J. M. and Li, J. and Li, X. and Li, X. Q. and Li, Y. L. and Liao, B. and Lin, F. K. and Lin, S. T. and Liu, S. K. and Liu, Y. D. and Liu, Y. Y. and Ma, H. and Ma, J. L. and Mao, Y. C. and Ning, J. H. and Pan, H. and Qi, N. C. and Ren, J. and Ruan, X. C. and Sharma, V. and She, Z. and Singh, L. and Singh, M. K. and Sun, T. X. and Tang, C. J. and Tang, W. Y. and Tian, Y. and Wang, G. F. and Wang, L. and Wang, Q. and Wang, Y. and Wang, Y. X. and Wu, S. Y. and Wu, Y. C. and Xing, H. Y. and Xu, Y. and Xue, T. and Yi, N. and Yu, C. X. and Yu, H. J. and Yue, J. F. and Zeng, M. and Zeng, Z. and Zhang, F. S. and Zhao, M. G. and Zhou, J. F. and Zhou, Z. Y. and Zhu, J. J.},
    collaboration = {CDEX Collaboration},
    journal = {\prl},
    volume = {123},
    number = {16},
    eid = {161301},
    numpages = {5},
    year = {2019},
    month = {Oct},
    publisher = {American Physical Society},
    doi = {10.1103/PhysRevLett.123.161301},
    archivePrefix = {arXiv},
    eprint = {1905.00354},
    primaryClass = {hep-ex},
    url = {https://link.aps.org/doi/10.1103/PhysRevLett.123.161301}
}

@article{PandaX2021,
    title = {Dark Matter Search Results from the PandaX-4T Commissioning Run},
    author = {Meng, Yue and Wang, Zhou and Tao, Yi and Abdukerim, Abdusalam and Bo, Zihao and Chen, Wei and Chen, Xun and Chen, Yunhua and Cheng, Chen and Cheng, Yunshan and Cui, Xiangyi and Fan, Yingjie and Fang, Deqing and Fu, Changbo and Fu, Mengting and Geng, Lisheng and Giboni, Karl and Gu, Linhui and Guo, Xuyuan and Han, Ke and He, Changda and He, Jinrong and Huang, Di and Huang, Yanlin and Huang, Zhou and Hou, Ruquan and Ji, Xiangdong and Ju, Yonglin and Li, Chenxiang and Li, Mingchuan and Li, Shu and Li, Shuaijie and Lin, Qing and Liu, Jianglai and Lu, Xiaoying and Luo, Lingyin and Ma, Wenbo and Ma, Yugang and Mao, Yajun and Shaheed, Nasir and Ning, Xuyang and Qi, Ningchun and Qian, Zhicheng and Ren, Xiangxiang and Shang, Changsong and Shen, Guofang and Si, Lin and Sun, Wenliang and Tan, Andi and Wang, Anqing and Wang, Meng and Wang, Qiuhong and Wang, Shaobo and Wang, Siguang and Wang, Wei and Wang, Xiuli and Wu, Mengmeng and Wu, Weihao and Xia, Jingkai and Xiao, Mengjiao and Xiao, Xiang and Xie, Pengwei and Yan, Binbin and Yan, Xiyu and Yang, Jijun and Yang, Yong and Yu, Chunxu and Yuan, Jumin and Yuan, Ying and Zhang, Dan and Zhang, Minzhen and Zhang, Peng and Zhang, Tao and Zhao, Li and Zheng, Qibin and Zhou, Jifang and Zhou, Ning and Zhou, Xiaopeng and Zhou, Yong},
    collaboration = {PandaX-4T Collaboration},
    journal = {\prl},
    volume = {127},
    number = {26},
    eid = {261802},
    numpages = {8},
    year = {2021},
    month = {Dec},
    publisher = {American Physical Society},
    doi = {10.1103/PhysRevLett.127.261802},
    archivePrefix = {arXiv},
    eprint = {2107.13438},
    primaryClass = {hep-ex},
    url = {https://link.aps.org/doi/10.1103/PhysRevLett.127.261802}
}

@article{LZ2023,
    title = {First Dark Matter Search Results from the LUX-ZEPLIN (LZ) Experiment},
    author = {Aalbers, J. and Akerib, D. S. and Akerlof, C. W. and Al Musalhi, A. K. and Alder, F. and Alqahtani, A. and Alsum, S. K. and Amarasinghe, C. S. and Ames, A. and Anderson, T. J. and Angelides, N. and Ara\'ujo, H. M. and Armstrong, J. E. and Arthurs, M. and Azadi, S. and Bailey, A. J. and Baker, A. and Balajthy, J. and Balashov, S. and Bang, J. and Bargemann, J. W. and Barry, M. J. and Barthel, J. and Bauer, D. and Baxter, A. and Beattie, K. and Belle, J. and Beltrame, P. and Bensinger, J. and Benson, T. and Bernard, E. P. and Bhatti, A. and Biekert, A. and Biesiadzinski, T. P. and Birch, H. J. and Birrittella, B. and Blockinger, G. M. and Boast, K. E. and Boxer, B. and Bramante, R. and Brew, C. A. J. and Br\'as, P. and Buckley, J. H. and Bugaev, V. V. and Burdin, S. and Busenitz, J. K. and Buuck, M. and Cabrita, R. and Carels, C. and Carlsmith, D. L. and Carlson, B. and Carmona-Benitez, M. C. and Cascella, M. and Chan, C. and Chawla, A. and Chen, H. and Cherwinka, J. J. and Chott, N. I. and Cole, A. and Coleman, J. and Converse, M. V. and Cottle, A. and Cox, G. and Craddock, W. W. and Creaner, O. and Curran, D. and Currie, A. and Cutter, J. E. and Dahl, C. E. and David, A. and Davis, J. and Davison, T. J. R. and Delgaudio, J. and Dey, S. and de Viveiros, L. and Dobi, A. and Dobson, J. E. Y. and Druszkiewicz, E. and Dushkin, A. and Edberg, T. K. and Edwards, W. R. and Elnimr, M. M. and Emmet, W. T. and Eriksen, S. R. and Faham, C. H. and Fan, A. and Fayer, S. and Fearon, N. M. and Fiorucci, S. and Flaecher, H. and Ford, P. and Francis, V. B. and Fraser, E. D. and Fruth, T. and Gaitskell, R. J. and Gantos, N. J. and Garcia, D. and Geffre, A. and Gehman, V. M. and Genovesi, J. and Ghag, C. and Gibbons, R. and Gibson, E. and Gilchriese, M. G. D. and Gokhale, S. and Gomber, B. and Green, J. and Greenall, A. and Greenwood, S. and van der Grinten, M. G. D. and Gwilliam, C. B. and Hall, C. R. and Hans, S. and Hanzel, K. and Harrison, A. and Hartigan-O'Connor, E. and Haselschwardt, S. J. and Hernandez, M. A. and Hertel, S. A. and Heuermann, G. and Hjemfelt, C. and Hoff, M. D. and Holtom, E. and Hor, J. Y-K. and Horn, M. and Huang, D. Q. and Hunt, D. and Ignarra, C. M. and Jacobsen, R. G. and Jahangir, O. and James, R. S. and Jeffery, S. N. and Ji, W. and Johnson, J. and Kaboth, A. C. and Kamaha, A. C. and Kamdin, K. and Kasey, V. and Kazkaz, K. and Keefner, J. and Khaitan, D. and Khaleeq, M. and Khazov, A. and Khurana, I. and Kim, Y. D. and Kocher, C. D. and Kodroff, D. and Korley, L. and Korolkova, E. V. and Kras, J. and Kraus, H. and Kravitz, S. and Krebs, H. J. and Kreczko, L. and Krikler, B. and Kudryavtsev, V. A. and Kyre, S. and Landerud, B. and Leason, E. A. and Lee, C. and Lee, J. and Leonard, D. S. and Leonard, R. and Lesko, K. T. and Levy, C. and Li, J. and Liao, F.-T. and Liao, J. and Lin, J. and Lindote, A. and Linehan, R. and Lippincott, W. H. and Liu, R. and Liu, X. and Liu, Y. and Loniewski, C. and Lopes, M. I. and Lopez Asamar, E. and L\'opez Paredes, B. and Lorenzon, W. and Lucero, D. and Luitz, S. and Lyle, J. M. and Majewski, P. A. and Makkinje, J. and Malling, D. C. and Manalaysay, A. and Manenti, L. and Mannino, R. L. and Marangou, N. and Marzioni, M. F. and Maupin, C. and McCarthy, M. E. and McConnell, C. T. and McKinsey, D. N. and McLaughlin, J. and Meng, Y. and Migneault, J. and Miller, E. H. and Mizrachi, E. and Mock, J. A. and Monte, A. and Monzani, M. E. and Morad, J. A. and Morales Mendoza, J. D. and Morrison, E. and Mount, B. J. and Murdy, M. and Murphy, A. St. J. and Naim, D. and Naylor, A. and Nedlik, C. and Nehrkorn, C. and Neves, F. and Nguyen, A. and Nikoleyczik, J. A. and Nilima, A. and O'Dell, J. and O'Neill, F. G. and O'Sullivan, K. and Olcina, I. and Olevitch, M. A. and Oliver-Mallory, K. C. and Orpwood, J. and Pagenkopf, D. and Pal, S. and Palladino, K. J. and Palmer, J. and Pangilinan, M. and Parveen, N. and Patton, S. J. and Pease, E. K. and Penning, B. and Pereira, C. and Pereira, G. and Perry, E. and Pershing, T. and Peterson, I. B. and Piepke, A. and Podczerwinski, J. and Porzio, D. and Powell, S. and Preece, R. M. and Pushkin, K. and Qie, Y. and Ratcliff, B. N. and Reichenbacher, J. and Reichhart, L. and Rhyne, C. A. and Richards, A. and Riffard, Q. and Rischbieter, G. R. C. and Rodrigues, J. P. and Rodriguez, A. and Rose, H. J. and Rosero, R. and Rossiter, P. and Rushton, T. and Rutherford, G. and Rynders, D. and Saba, J. S. and Santone, D. and Sazzad, A. B. M. R. and Schnee, R. W. and Scovell, P. R. and Seymour, D. and Shaw, S. and Shutt, T. and Silk, J. J. and Silva, C. and Sinev, G. and Skarpaas, K. and Skulski, W. and Smith, R. and Solmaz, M. and Solovov, V. N. and Sorensen, P. and Soria, J. and Stancu, I. and Stark, M. R. and Stevens, A. and Stiegler, T. M. and Stifter, K. and Studley, R. and Suerfu, B. and Sumner, T. J. and Sutcliffe, P. and Swanson, N. and Szydagis, M. and Tan, M. and Taylor, D. J. and Taylor, R. and Taylor, W. C. and Temples, D. J. and Tennyson, B. P. and Terman, P. A. and Thomas, K. J. and Tiedt, D. R. and Timalsina, M. and To, W. H. and Tom\'as, A. and Tong, Z. and Tovey, D. R. and Tranter, J. and Trask, M. and Tripathi, M. and Tronstad, D. R. and Tull, C. E. and Turner, W. and Tvrznikova, L. and Utku, U. and Va'vra, J. and Vacheret, A. and Vaitkus, A. C. and Verbus, J. R. and Voirin, E. and Waldron, W. L. and Wang, A. and Wang, B. and Wang, J. J. and Wang, W. and Wang, Y. and Watson, J. R. and Webb, R. C. and White, A. and White, D. T. and White, J. T. and White, R. G. and Whitis, T. J. and Williams, M. and Wisniewski, W. J. and Witherell, M. S. and Wolfs, F. L. H. and Wolfs, J. D. and Woodford, S. and Woodward, D. and Worm, S. D. and Wright, C. J. and Xia, Q. and Xiang, X. and Xiao, Q. and Xu, J. and Yeh, M. and Yin, J. and Young, I. and Zarzhitsky, P. and Zuckerman, A. and Zweig, E. A.},
    collaboration = {LUX--ZEPLIN Collaboration},
    journal = {\prl},
    volume = {131},
    number = {4},
    eid = {041002},
    numpages = {11},
    year = {2023},
    month = {Jul},
    publisher = {American Physical Society},
    doi = {10.1103/PhysRevLett.131.041002},
    archivePrefix = {arXiv},
    eprint = {2207.03764},
    primaryClass = {hep-ex},
    url = {https://link.aps.org/doi/10.1103/PhysRevLett.131.041002},
}

@article{COSINE1002018,
    title = {An experiment to search for dark-matter interactions using sodium iodide detectors},
    author = {Adhikari, Govinda and Adhikari, Pushparaj and de Souza, Estella Barbosa and Carlin, Nelson and Choi, Seonho and Djamal, Mitra and Ezeribe, Anthony C. and Ha, Chang Hyon and Hahn, Insik and Hubbard, Antonia J. F. and Jeon, Eunju and Jo, Jay Hyun and Joo, Hanwool and Kang, Woon Gu and Kang, Woosik and Kauer, Matthew and Kim, Bonghee and Kim, Hongjoo and Kim, Hyounggyu and Kim, Kyungwon and Kim, Nam Young and Kim, Sun Kee and Kim, Yeongduk and Kim, Yong-Hamb and Ko, Young Ju and Kudryavtsev, Vitaly A. and Lee, Hyun Su and Lee, Jaison and Lee, Jooyoung and Lee, Moo Hyun and Leonard, Douglas S. and Lynch, Warren A. and Maruyama, Reina H. and Mouton, Frederic and Olsen, Stephen L. and Park, Byungju and Park, Hyang Kyu and Park, Hyeonseo and Park, Jungsic and Park, Kangsoon and Pettus, Walter C. and Prihtiadi, Hafizh and Ra, Sejin and Rott, Carsten and Scarff, Andrew and Shin, Keon Ah and Spooner, Neil J. C. and Thompson, William G. and Yang, Liang and Yong, Seok Hyun and The COSINE-100 Collaboration},
    collaboration = {COSINE-100 Collaboration},
    journal = {\nat},
    volume = {564},
    number = {7734},
    pages = {83--86},
    ISBN = {1476-4687},
    month = {dec},
    year = {2018},
    doi = {10.1038/s41586-018-0739-1},
    archivePrefix = {arXiv},
    eprint = {1906.01791},
    primaryClass = {astro-ph.IM},
    url = {https://doi.org/10.1038/s41586-018-0739-1}
}

@article{LUX2019,
    title = {Results of a Search for Sub-GeV Dark Matter Using 2013 LUX Data},
    author = {Akerib, D. S. and Alsum, S. and Ara\'ujo, H. M. and Bai, X. and Balajthy, J. and Beltrame, P. and Bernard, E. P. and Bernstein, A. and Biesiadzinski, T. P. and Boulton, E. M. and Boxer, B. and Br\'as, P. and Burdin, S. and Byram, D. and Carmona-Benitez, M. C. and Chan, C. and Cutter, J. E. and Davison, T. J. R. and Druszkiewicz, E. and Fallon, S. R. and Fan, A. and Fiorucci, S. and Gaitskell, R. J. and Genovesi, J. and Ghag, C. and Gilchriese, M. G. D. and Gwilliam, C. and Hall, C. R. and Haselschwardt, S. J. and Hertel, S. A. and Hogan, D. P. and Horn, M. and Huang, D. Q. and Ignarra, C. M. and Jacobsen, R. G. and Jahangir, O. and Ji, W. and Kamdin, K. and Kazkaz, K. and Khaitan, D. and Knoche, R. and Korolkova, E. V. and Kravitz, S. and Kudryavtsev, V. A. and Lenardo, B. G. and Lesko, K. T. and Liao, J. and Lin, J. and Lindote, A. and Lopes, M. I. and Manalaysay, A. and Mannino, R. L. and Marangou, N. and Marzioni, M. F. and McKinsey, D. N. and Mei, D.-M. and Moongweluwan, M. and Morad, J. A. and Murphy, A. St. J. and Naylor, A. and Nehrkorn, C. and Nelson, H. N. and Neves, F. and Oliver-Mallory, K. C. and Palladino, K. J. and Pease, E. K. and Riffard, Q. and Rischbieter, G. R. C. and Rhyne, C. and Rossiter, P. and Shaw, S. and Shutt, T. A. and Silva, C. and Solmaz, M. and Solovov, V. N. and Sorensen, P. and Sumner, T. J. and Szydagis, M. and Taylor, D. J. and Taylor, W. C. and Tennyson, B. P. and Terman, P. A. and Tiedt, D. R. and To, W. H. and Tripathi, M. and Tvrznikova, L. and Utku, U. and Uvarov, S. and Velan, V. and Webb, R. C. and White, J. T. and Whitis, T. J. and Witherell, M. S. and Wolfs, F. L. H. and Woodward, D. and Xu, J. and Yazdani, K. and Zhang, C.},
    collaboration = {LUX Collaboration},
    journal = {\prl},
    volume = {122},
    number = {13},
    eid = {131301},
    numpages = {7},
    year = {2019},
    month = {Apr},
    publisher = {American Physical Society},
    doi = {10.1103/PhysRevLett.122.131301},
    archivePrefix = {arXiv},
    eprint = {1811.11241},
    primaryClass = {astro-ph.CO},
    url = {https://link.aps.org/doi/10.1103/PhysRevLett.122.131301}
}

@article{CDMSlite2018,
    title = {Low-mass dark matter search with CDMSlite},
    author = {Agnese, R. and Anderson, A. J. and Aralis, T. and Aramaki, T. and Arnquist, I. J. and Baker, W. and Balakishiyeva, D. and Barker, D. and Basu Thakur, R. and Bauer, D. A. and Binder, T. and Bowles, M. A. and Brink, P. L. and Bunker, R. and Cabrera, B. and Caldwell, D. O. and Calkins, R. and Cartaro, C. and Cerde\~no, D. G. and Chang, Y. and Chagani, H. and Chen, Y. and Cooley, J. and Cornell, B. and Cushman, P. and Daal, M. and Di Stefano, P. C. F. and Doughty, T. and Esteban, L. and Fascione, E. and Figueroa-Feliciano, E. and Fritts, M. and Gerbier, G. and Ghaith, M. and Godfrey, G. L. and Golwala, S. R. and Hall, J. and Harris, H. R. and Hong, Z. and Hoppe, E. W. and Hsu, L. and Huber, M. E. and Iyer, V. and Jardin, D. and Jastram, A. and Jena, C. and Kelsey, M. H. and Kennedy, A. and Kubik, A. and Kurinsky, N. A. and Leder, A. and Loer, B. and Lopez Asamar, E. and Lukens, P. and MacDonell, D. and Mahapatra, R. and Mandic, V. and Mast, N. and Miller, E. H. and Mirabolfathi, N. and Moffatt, R. A. and Mohanty, B. and Morales Mendoza, J. D. and Nelson, J. and Orrell, J. L. and Oser, S. M. and Page, K. and Page, W. A. and Partridge, R. and Pepin, M. and Pe\~nalver Martinez, M. and Phipps, A. and Poudel, S. and Pyle, M. and Qiu, H. and Rau, W. and Redl, P. and Reisetter, A. and Reynolds, T. and Roberts, A. and Robinson, A. E. and Rogers, H. E. and Saab, T. and Sadoulet, B. and Sander, J. and Schneck, K. and Schnee, R. W. and Scorza, S. and Senapati, K. and Serfass, B. and Speller, D. and Stein, M. and Street, J. and Tanaka, H. A. and Toback, D. and Underwood, R. and Villano, A. N. and von Krosigk, B. and Welliver, B. and Wilson, J. S. and Wilson, M. J. and Wright, D. H. and Yellin, S. and Yen, J. J. and Young, B. A. and Zhang, X. and Zhao, X.},
    collaboration = {SuperCDMS Collaboration},
    journal = {\prd},
    volume = {97},
    number = {2},
    eid = {022002},
    numpages = {30},
    year = {2018},
    month = {Jan},
    publisher = {American Physical Society},
    doi = {10.1103/PhysRevD.97.022002},
    archivePrefix = {arXiv},
    eprint = {1707.01632},
    primaryClass = {astro-ph.CO},
    url = {https://link.aps.org/doi/10.1103/PhysRevD.97.022002},
}

@article{COSINE1002021,
    author = {{Adhikari}, G. and {Carlin}, N. and {Choi}, J.~J. and {Choi}, S. and {Ezeribe}, A.~C. and {Fran{\\c{c}}a}, L.~E. and {Ha}, C. and {Hahn}, I.~S. and {Hollick}, S.~J. and {Jeon}, E.~J. and {Jo}, J.~H. and {Joo}, H.~W. and {Kang}, W.~G. and {Kauer}, M. and {Kim}, H. and {Kim}, H.~J. and {Kim}, J. and {Kim}, K.~W. and {Kim}, S.~H. and {Kim}, S.~K. and {Kim}, W.~K. and {Kim}, Y.~D. and {Kim}, Y.~H. and {Ko}, Y.~J. and {Kwon}, H.~J. and {Lee}, D.~H. and {Lee}, E.~K. and {Lee}, H. and {Lee}, H.~S. and {Lee}, H.~Y. and {Lee}, I.~S. and {Lee}, J. and {Lee}, J.~Y. and {Lee}, M.~H. and {Lee}, S.~H. and {Lee}, S.~M. and {Leonard}, D.~S. and {Manzato}, B.~B. and {Maruyama}, R.~H. and {Neal}, R.~J. and {Olsen}, S.~L. and {Park}, B.~J. and {Park}, H.~K. and {Park}, H.~S. and {Park}, K.~S. and {Park}, S.~D. and {Pitta}, R.~L.~C. and {Prihtiadi}, H. and {Ra}, S.~J. and {Rott}, C. and {Shin}, K.~A. and {Scarff}, A. and {Spooner}, N.~J.~C. and {Thompson}, W.~G. and {Yang}, L. and {Yu}, G.~H.},
    collaboration = {COSINE-100 Collaboration},
    title = {{Searching for low-mass dark matter via the Migdal effect in COSINE-100}},
    journal = {\prd},
    year = {2022},
    month = {feb},
    volume = {105},
    number = {4},
    eid = {042006},
    doi = {10.1103/PhysRevD.105.042006},
    archivePrefix = {arXiv},
    eprint = {2110.05806},
    primaryClass = {hep-ex}
}

@article{PICO602019,
    title = {Dark matter search results from the complete exposure of the PICO-60 C$_{3}$F$_{8}$ bubble chamber},
    author = {Amole, C. and Ardid, M. and Arnquist, I.~J. and Asner, D.~M. and Baxter, D. and Behnke, E. and Bressler, M. and Broerman, B. and Cao, G. and Chen, C.~J. and et al.},
    collaboration = {PICO Collaboration},
    journal = {\prd},
    volume = {100},
    ISSN = {2470-0029},
    year = {2019},
    eid = {022001},
    month = {Jul},
    publisher = {American Physical Society},
    doi = {10.1103/physrevd.100.022001},
    archivePrefix = {arXiv},
    eprint = {1902.04031},
    primaryClass = {astro-ph.CO},
    url = {http://dx.doi.org/10.1103/PhysRevD.100.022001}
}

@article{XENON2019a,
    title = {Light Dark Matter Search with Ionization Signals in XENON1T},
    author = {Aprile, E. and Aalbers, J. and Agostini, F. and Alfonsi, M. and Althueser, L. and Amaro, F.~D. and Antochi, V.~C. and Angelino, E. and Arneodo, F. and Barge, D. and et al.},
    collaboration = {XENON Collaboration},
    journal = {\prl},
    volume = {123},
    number = {25},
    ISSN = {1079-7114},
    eid = {251801},
    year = {2019},
    month = {Dec},
    publisher = {American Physical Society},
    doi = {10.1103/physrevlett.123.251801},
    archivePrefix = {arXiv},
    eprint = {1907.11485},
    primaryClass = {hep-ex},
    url = {http://dx.doi.org/10.1103/PhysRevLett.123.251801}
}

@article{BillardFigueroaFelicianoStrigari2014,
    title = {Complementarity of dark matter detectors in light of the neutrino background},
    author = {Ruppin, F. and Billard, J. and Figueroa-Feliciano, E. and Strigari, L.},
    journal = {\prd},
    volume = {90},
    number = {8},
    eid = {083510},
    numpages = {13},
    year = {2014},
    month = {Oct},
    publisher = {American Physical Society},
    doi = {10.1103/PhysRevD.90.083510},
    archivePrefix = {arXiv},
    eprint = {1408.3581},
    primaryClass = {hep-ph},
    url = {https://link.aps.org/doi/10.1103/PhysRevD.90.083510}
}

@ARTICLE{SerapEtAl2010,
       author = {{Tilav}, Serap and {Desiati}, Paolo and {Kuwabara}, Takao and {Rocco}, Dominick and {Rothmaier}, Florian and {Simmons}, Matt and {Wissing}, Henrike},
        title = "{Atmospheric Variations as observed by IceCube}",
      journal = {arXiv e-prints},
         year = 2010,
        month = jan,
          eid = {arXiv:1001.0776},
          doi = {10.48550/arXiv.1001.0776},
archivePrefix = {arXiv},
       eprint = {1001.0776},
 primaryClass = {astro-ph.HE},
       adsurl = {https://ui.adsabs.harvard.edu/abs/2010arXiv1001.0776T},
      adsnote = {Provided by the SAO/NASA Astrophysics Data System}
}

@article{OHare2021,
    title = {New Definition of the Neutrino Floor for Direct Dark Matter Searches},
    author = {O'Hare, Ciaran A. J.},
    journal = {\prl},
    volume = {127},
    number = {25},
    eid = {251802},
    numpages = {9},
    year = {2021},
    month = {Dec},
    publisher = {American Physical Society},
    doi = {10.1103/PhysRevLett.127.251802},
    archivePrefix = {arXiv},
    eprint = {2109.03116},
    primaryClass = {hep-ph},
    url = {https://link.aps.org/doi/10.1103/PhysRevLett.127.251802}
}

@article{CarewEtAl2024,
    title = {Neutrino fog for dark matter-electron scattering experiments},
    author = {Carew, Ben and Caddell, Ashlee R. and Maity, Tarak Nath and O'Hare, Ciaran A. J.},
    journal = {\prd},
    volume = {109},
    number = {8},
    eid = {083016},
    numpages = {14},
    year = {2024},
    month = {Apr},
    publisher = {American Physical Society},
    doi = {10.1103/PhysRevD.109.083016},
    archivePrefix = {arXiv},
    eprint = {2312.04303},
    primaryClass = {hep-ph},
    url = {https://link.aps.org/doi/10.1103/PhysRevD.109.083016}
}

@ARTICLE{Vinyoles2017,
       author = {{Vinyoles}, N{\'u}ria and {Serenelli}, Aldo M. and
         {Villante}, Francesco L. and {Basu}, Sarbani and
         {Bergstr{\"o}m}, Johannes and {Gonzalez-Garcia}, M.~C. and
         {Maltoni}, Michele and {Pe{\~n}a-Garay}, Carlos and {Song}, Ningqiang},
        title = "{A New Generation of Standard Solar Models}",
      journal = {\apj},
         year = "2017",
        month = "Feb",
       volume = {835},
       number = {2},
          eid = {202},
          doi = {10.3847/1538-4357/835/2/202},
archivePrefix = {arXiv},
       eprint = {1611.09867},
 primaryClass = {astro-ph.SR},
       adsurl = {https://ui.adsabs.harvard.edu/abs/2017ApJ...835..202V},
      adsnote = {Provided by the SAO/NASA Astrophysics Data System}
}

@ARTICLE{Bahcall1997,
       author = {{Bahcall}, John N.},
        title = "{Gallium solar neutrino experiments: Absorption cross sections, neutrino spectra, and predicted event rates}",
      journal = {\prc},
         year = "1997",
        month = "Dec",
       volume = {56},
       number = {6},
        pages = {3391--3409},
          doi = {10.1103/PhysRevC.56.3391},
archivePrefix = {arXiv},
       eprint = {hep-ph/9710491},
 primaryClass = {hep-ph},
       adsurl = {https://ui.adsabs.harvard.edu/abs/1997PhRvC..56.3391B},
      adsnote = {Provided by the SAO/NASA Astrophysics Data System}
}

@article{BahcallEtAl1996,
  title = {Standard neutrino spectrum from $^{8}\mathrm{B}$ decay},
  author = {Bahcall, John N. and Lisi, E. and Alburger, D. E. and De Braeckeleer, L. and Freedman, S. J. and Napolitano, J.},
  journal = {\prc},
  volume = {54},
  number = {1},
  pages = {411--422},
  numpages = {0},
  year = {1996},
  month = {Jul},
  publisher = {American Physical Society},
  doi = {10.1103/PhysRevC.54.411},
  url = {https://link.aps.org/doi/10.1103/PhysRevC.54.411},
  archivePrefix = {arXiv},
  eprint = {nucl-th/9601044},
  primaryClass = {nucl-th}
}

@article{VitaglianoTamborraRaffelt2020,
  title = {Grand unified neutrino spectrum at Earth: Sources and spectral components},
  author = {Vitagliano, Edoardo and Tamborra, Irene and Raffelt, Georg},
  journal = {\rmp},
  volume = {92},
  number = {4},
  eid = {045006},
  numpages = {58},
  year = {2020},
  month = {Dec},
  publisher = {American Physical Society},
  doi = {10.1103/RevModPhys.92.045006},
  url = {https://link.aps.org/doi/10.1103/RevModPhys.92.045006},
  archivePrefix = {arXiv},
  eprint = {1910.11878},
  primaryClass = {astro-ph}
}

@ARTICLE{YukselEtAl2008,
       author = {{Y{\"u}ksel}, Hasan and {Kistler}, Matthew D. and {Beacom}, John F. and {Hopkins}, Andrew M.},
        title = "{Revealing the High-Redshift Star Formation Rate with Gamma-Ray Bursts}",
      journal = {\apjl},
         year = 2008,
        month = aug,
       volume = {683},
       number = {1},
        pages = {L5},
          doi = {10.1086/591449},
archivePrefix = {arXiv},
       eprint = {0804.4008},
 primaryClass = {astro-ph},
       adsurl = {https://ui.adsabs.harvard.edu/abs/2008ApJ...683L...5Y},
      adsnote = {Provided by the SAO/NASA Astrophysics Data System}
}

@article{CrislerEtAl2018,
  title = {SENSEI: First Direct-Detection Constraints on Sub-GeV Dark Matter from a Surface Run},
  author = {Crisler, Michael and Essig, Rouven and Estrada, Juan and Fernandez, Guillermo and Tiffenberg, Javier and Haro, Miguel Sofo and Volansky, Tomer and Yu, Tien-Tien},
  collaboration = {SENSEI Collaboration},
  journal = {\prl},
  volume = {121},
  number = {6},
  eid = {061803},
  numpages = {6},
  year = {2018},
  month = {Aug},
  publisher = {American Physical Society},
  doi = {10.1103/PhysRevLett.121.061803},
  url = {https://link.aps.org/doi/10.1103/PhysRevLett.121.061803},
  archivePrefix = {arXiv},
  eprint = {1804.00088},
  primaryClass = {hep-ex}
}

@ARTICLE{RomaniEtAl2018,
       author = {{Romani}, R.~K. and {Brink}, P.~L. and {Cabrera}, B. and {Cherry}, M. and {Howarth}, T. and {Kurinsky}, N. and {Moffatt}, R.~A. and {Partridge}, R. and {Ponce}, F. and {Pyle}, M. and {Tomada}, A. and {Yellin}, S. and {Yen}, J.~J. and {Young}, B.~A.},
        title = "{Thermal detection of single e-h pairs in a biased silicon crystal detector}",
      journal = {\apl},
         year = 2018,
        month = jan,
       volume = {112},
       number = {4},
          eid = {043501},
          doi = {10.1063/1.5010699},
archivePrefix = {arXiv},
       eprint = {1710.09335},
 primaryClass = {physics.ins-det},
       adsurl = {https://ui.adsabs.harvard.edu/abs/2018ApPhL.112d3501R},
      adsnote = {Provided by the SAO/NASA Astrophysics Data System}
}

@article{EDELWEISS2020,
  title = {First Germanium-Based Constraints on Sub-MeV Dark Matter with the EDELWEISS Experiment},
  author = {Arnaud, Q. and Armengaud, E. and Augier, C. and Beno\^{\i}t, A. and Berg\'e, L. and Billard, J. and Broniatowski, A. and Camus, P. and Cazes, A. and Chapellier, M. and Charlieux, F. and De J\'esus, M. and Dumoulin, L. and Eitel, K. and Elkhoury, E. and Fillipini, J.-B. and Filosofov, D. and Gascon, J. and Giuliani, A. and Gros, M. and Jin, Y. and Juillard, A. and Kleifges, M. and Lattaud, H. and Marnieros, S. and Misiak, D. and Navick, X.-F. and Nones, C. and Olivieri, E. and Oriol, C. and Pari, P. and Paul, B. and Poda, D. and Rozov, S. and Salagnac, T. and Sanglard, V. and Siebenborn, B. and Vagneron, L. and Weber, M. and Yakushev, E. and Zolotarova, A.},
  collaboration = {EDELWEISS Collaboration},
  journal = {\prl},
  volume = {125},
  number = {14},
  eid = {141301},
  numpages = {6},
  year = {2020},
  month = {Oct},
  publisher = {American Physical Society},
  doi = {10.1103/PhysRevLett.125.141301},
  url = {https://link.aps.org/doi/10.1103/PhysRevLett.125.141301},
  archivePrefix = {arXiv},
  eprint = {2003.01046},
  primaryClass = {astro-ph.GA}
}

@article{HeikinheimoEtAl2022,
  title = {Identification of the low-energy excess in dark matter searches with crystal defects},
  author = {Heikinheimo, Matti and Sassi, Sebastian and Nordlund, Kai and Tuominen, Kimmo and Mirabolfathi, Nader},
  journal = {\prd},
  volume = {106},
  number = {8},
  eid = {083009},
  numpages = {6},
  year = {2022},
  month = {Oct},
  publisher = {American Physical Society},
  doi = {10.1103/PhysRevD.106.083009},
  url = {https://link.aps.org/doi/10.1103/PhysRevD.106.083009},
  archivePrefix = {arXiv},
  eprint = {2112.14495},
  primaryClass = {hep-ph}
}

@article{AbbasiEtAl2024,
  title = {Characterization of the astrophysical diffuse neutrino flux using starting track events in IceCube},
  author = {Abbasi, R. and Ackermann, M. and Adams, J. and Agarwalla, S. K. and Aguilar, J. A. and Ahlers, M. and Alameddine, J. M. and Amin, N. M. and Andeen, K. and Anton, G. and Arg\"uelles, C. and Ashida, Y. and Athanasiadou, S. and Ausborm, L. and Axani, S. N. and Bai, X. and Balagopal, A. and Baricevic, M. and Barwick, S. W. and Bash, S. and Basu, V. and Bay, R. and Beatty, J. J. and Becker Tjus, J. and Beise, J. and Bellenghi, C. and Benning, C. and BenZvi, S. and Berley, D. and Bernardini, E. and Besson, D. Z. and Blaufuss, E. and Blot, S. and Bontempo, F. and Book, J. Y. and Boscolo Meneguolo, C. and B\"oser, S. and Botner, O. and B\"ottcher, J. and Braun, J. and Brinson, B. and Brostean-Kaiser, J. and Brusa, L. and Burley, R. T. and Busse, R. S. and Butterfield, D. and Campana, M. A. and Caracas, I. and Carloni, K. and Carpio, J. and Chattopadhyay, S. and Chau, N. and Chen, Z. and Chirkin, D. and Choi, S. and Clark, B. A. and Coleman, A. and Collin, G. H. and Connolly, A. and Conrad, J. M. and Coppin, P. and Corley, R. and Correa, P. and Cowen, D. F. and Dave, P. and De Clercq, C. and DeLaunay, J. J. and Delgado, D. and Deng, S. and Deoskar, K. and Desai, A. and Desiati, P. and de Vries, K. D. and de Wasseige, G. and DeYoung, T. and Diaz, A. and D\'{\i}az-V\'elez, J. C. and Dittmer, M. and Domi, A. and Draper, L. and Dujmovic, H. and DuVernois, M. A. and Ehrhardt, T. and Eidenschink, L. and Eimer, A. and Eller, P. and Ellinger, E. and El Mentawi, S. and Els\"asser, D. and Engel, R. and Erpenbeck, H. and Evans, J. and Evenson, P. A. and Fan, K. L. and Fang, K. and Farrag, K. and Fazely, A. R. and Fedynitch, A. and Feigl, N. and Fiedlschuster, S. and Finley, C. and Fischer, L. and Fox, D. and Franckowiak, A. and F\"urst, P. and Gallagher, J. and Ganster, E. and Garcia, A. and Genton, E. and Gerhardt, L. and Ghadimi, A. and Girard-Carillo, C. and Glaser, C. and Gl\"usenkamp, T. and Gonzalez, J. G. and Goswami, S. and Granados, A. and Grant, D. and Gray, S. J. and Gries, O. and Griffin, S. and Griswold, S. and Groth, K. M. and G\"unther, C. and Gutjahr, P. and Ha, C. and Haack, C. and Hallgren, A. and Halliday, R. and Halve, L. and Halzen, F. and Hamdaoui, H. and Ha Minh, M. and Handt, M. and Hanson, K. and Hardin, J. and Harnisch, A. A. and Hatch, P. and Haungs, A. and H\"au\ss{}ler, J. and Helbing, K. and Hellrung, J. and Hermannsgabner, J. and Heuermann, L. and Heyer, N. and Hickford, S. and Hidvegi, A. and Hill, C. and Hill, G. C. and Hoffman, K. D. and Hori, S. and Hoshina, K. and Hostert, M. and Hou, W. and Huber, T. and Hultqvist, K. and H\"unnefeld, M. and Hussain, R. and Hymon, K. and Ishihara, A. and Iwakiri, W. and Jacquart, M. and Janik, O. and Jansson, M. and Japaridze, G. S. and Jeong, M. and Jin, M. and Jones, B. J. P. and Kamp, N. and Kang, D. and Kang, W. and Kang, X. and Kappes, A. and Kappesser, D. and Kardum, L. and Karg, T. and Karl, M. and Karle, A. and Katil, A. and Katz, U. and Kauer, M. and Kelley, J. L. and Khanal, M. and Khatee Zathul, A. and Kheirandish, A. and Kiryluk, J. and Klein, S. R. and Kochocki, A. and Koirala, R. and Kolanoski, H. and Kontrimas, T. and K\"opke, L. and Kopper, C. and Koskinen, D. J. and Koundal, P. and Kovacevich, M. and Kowalski, M. and Kozynets, T. and Krishnamoorthi, J. and Kruiswijk, K. and Krupczak, E. and Kumar, A. and Kun, E. and Kurahashi, N. and Lad, N. and Lagunas Gualda, C. and Lamoureux, M. and Larson, M. J. and Latseva, S. and Lauber, F. and Lazar, J. P. and Lee, J. W. and Leonard DeHolton, K. and Leszczy\ifmmode \acute{n}\else \'{n}\fi{}ska, A. and Liao, J. and Lincetto, M. and Liubarska, M. and Lohfink, E. and Love, C. and Lozano Mariscal, C. J. and Lu, L. and Lucarelli, F. and Luszczak, W. and Lyu, Y. and Madsen, J. and Magnus, E. and Mahn, K. B. M. and Makino, Y. and Manao, E. and Mancina, S. and Marie Sainte, W. and Mari\ifmmode \mbox{\c{s}}\else \c{s}\fi{}, I. C. and Marka, S. and Marka, Z. and Marsee, M. and Martinez-Soler, I. and Maruyama, R. and Mayhew, F. and McElroy, T. and McNally, F. and Mead, J. V. and Meagher, K. and Mechbal, S. and Medina, A. and Meier, M. and Merckx, Y. and Merten, L. and Micallef, J. and Mitchell, J. and Montaruli, T. and Moore, R. W. and Morii, Y. and Morse, R. and Moulai, M. and Mukherjee, T. and Naab, R. and Nagai, R. and Nakos, M. and Naumann, U. and Necker, J. and Negi, A. and Neumann, M. and Niederhausen, H. and Nisa, M. U. and Noell, A. and Novikov, A. and Nowicki, S. C. and Obertacke Pollmann, A. and O'Dell, V. and Oeyen, B. and Olivas, A. and Orsoe, R. and Osborn, J. and O'Sullivan, E. and Pandya, H. and Park, N. and Parker, G. K. and Paudel, E. N. and Paul, L. and P\'erez de los Heros, C. and Pernice, T. and Peterson, J. and Philippen, S. and Pizzuto, A. and Plum, M. and Pont\'en, A. and Popovych, Y. and Prado Rodriguez, M. and Pries, B. and Procter-Murphy, R. and Przybylski, G. T. and Raab, C. and Rack-Helleis, J. and Rawlins, K. and Rechav, Z. and Rehman, A. and Reichherzer, P. and Resconi, E. and Reusch, S. and Rhode, W. and Riedel, B. and Rifaie, A. and Roberts, E. J. and Robertson, S. and Rodan, S. and Roellinghoff, G. and Rongen, M. and Rosted, A. and Rott, C. and Ruhe, T. and Ruohan, L. and Ryckbosch, D. and Safa, I. and Saffer, J. and Salazar-Gallegos, D. and Sampathkumar, P. and Sandrock, A. and Santander, M. and Sarkar, S. and Sarkar, S. and Savelberg, J. and Savina, P. and Schaile, P. and Schaufel, M. and Schieler, H. and Schindler, S. and Schl\"uter, B. and Schl\"uter, F. and Schmeisser, N. and Schmidt, T. and Schneider, J. and Schr\"oder, F. G. and Schumacher, L. and Sclafani, S. and Seckel, D. and Seikh, M. and Seo, M. and Seunarine, S. and Sevle Myhr, P. and Shah, R. and Shefali, S. and Shimizu, N. and Silva, M. and Skrzypek, B. and Smithers, B. and Snihur, R. and Soedingrekso, J. and S\o{}gaard, A. and Soldin, D. and Soldin, P. and Sommani, G. and Spannfellner, C. and Spiczak, G. M. and Spiering, C. and Stamatikos, M. and Stanev, T. and Stezelberger, T. and St\"urwald, T. and Stuttard, T. and Sullivan, G. W. and Taboada, I. and Ter-Antonyan, S. and Terliuk, A. and Thiesmeyer, M. and Thompson, W. G. and Thwaites, J. and Tilav, S. and Tollefson, K. and T\"onnis, C. and Toscano, S. and Tosi, D. and Trettin, A. and Turcotte, R. and Twagirayezu, J. P. and Unland Elorrieta, M. A. and Upadhyay, A. K. and Upshaw, K. and Vaidyanathan, A. and Valtonen-Mattila, N. and Vandenbroucke, J. and van Eijndhoven, N. and Vannerom, D. and van Santen, J. and Vara, J. and Veitch-Michaelis, J. and Venugopal, M. and Vereecken, M. and Verpoest, S. and Veske, D. and Vijai, A. and Walck, C. and Wang, A. and Weaver, C. and Weigel, P. and Weindl, A. and Weldert, J. and Wen, A. Y. and Wendt, C. and Werthebach, J. and Weyrauch, M. and Whitehorn, N. and Wiebusch, C. H. and Williams, D. R. and Witthaus, L. and Wolf, A. and Wolf, M. and Wrede, G. and Xu, X. W. and Yanez, J. P. and Yildizci, E. and Yoshida, S. and Young, R. and Yu, S. and Yuan, T. and Zhang, Z. and Zhelnin, P. and Zilberman, P. and Zimmerman, M.},
  collaboration = {IceCube Collaboration},
  journal = {\prd},
  volume = {110},
  number = {2},
  eid = {022001},
  numpages = {26},
  year = {2024},
  month = {Jul},
  publisher = {American Physical Society},
  doi = {10.1103/PhysRevD.110.022001},
  url = {https://link.aps.org/doi/10.1103/PhysRevD.110.022001},
  archivePrefix = {arXiv},
  eprint = {2402.18026},
  primaryClass = {astro-ph.HE}
}

@article{AbeEtAl2024,
  title = {Solar neutrino measurements using the full data period of Super-Kamiokande-IV},
  author = {Abe, K. and Bronner, C. and Hayato, Y. and Hiraide, K. and Hosokawa, K. and Ieki, K. and Ikeda, M. and Imaizumi, S. and Iyogi, K. and Kameda, J. and Kanemura, Y. and Kaneshima, R. and Kashiwagi, Y. and Kataoka, Y. and Kato, Y. and Kishimoto, Y. and Miki, S. and Mine, S. and Miura, M. and Mochizuki, T. and Moriyama, S. and Nagao, Y. and Nakahata, M. and Nakano, Y. and Nakayama, S. and Noguchi, Y. and Okada, T. and Okamoto, K. and Orii, A. and Sato, K. and Sekiya, H. and Shiba, H. and Shimizu, K. and Shiozawa, M. and Sonoda, Y. and Suzuki, Y. and Takeda, A. and Takemoto, Y. and Takenaka, A. and Tanaka, H. and Watanabe, S. and Yano, T. and Han, S. and Kajita, T. and Okumura, K. and Tashiro, T. and Tomiya, T. and Wang, R. and Wang, X. and Yoshida, S. and Bravo-Bergu\~no, D. and Fernandez, P. and Labarga, L. and Ospina, N. and Zaldivar, B. and Pointon, B. W. and Blaszczyk, F. d. M. and Kachulis, C. and Kearns, E. and Raaf, J. L. and Stone, J. L. and Wan, L. and Wester, T. and Bian, J. and Griskevich, N. J. and Kropp, W. R. and Locke, S. and Smy, M. B. and Sobel, H. W. and Takhistov, V. and Weatherly, P. and Yankelevich, A. and Ganezer, K. S. and Hill, J. and Jang, M. C. and Kim, J. Y. and Lee, S. and Lim, I. T. and Moon, D. H. and Park, R. G. and Bodur, B. and Scholberg, K. and Walter, C. W. and Beauch\^ene, A. and Bernard, L. and Coffani, A. and Drapier, O. and El Hedri, S. and Giampaolo, A. and Imber, J. and Mueller, Th. A. and Paganini, P. and Rogly, R. and Quilain, B. and Santos, A. and Nakamura, T. and Jang, J. S. and Machado, L. N. and Learned, J. G. and Matsuno, S. and Iovine, N. and Choi, K. and Cao, S. and Anthony, L. H. V. and Litchfield, R. P. and Prouse, N. and Marin, D. and Scott, M. and Sztuc, A. A. and Uchida, Y. and Berardi, V. and Catanesi, M. G. and Intonti, R. A. and Radicioni, E. and Calabria, N. F. and De Rosa, G. and Langella, A. and Collazuol, G. and Iacob, F. and Lamoureux, M. and Mattiazzi, M. and Ludovici, L. and Gonin, M. and P\'eriss\'e, L. and Pronost, G. and Fujisawa, C. and Maekawa, Y. and Nishimura, Y. and Okazaki, R. and Friend, M. and Hasegawa, T. and Ishida, T. and Jakkapu, M. and Kobayashi, T. and Matsubara, T. and Nakadaira, T. and Nakamura, K. and Oyama, Y. and Sakashita, K. and Sekiguchi, T. and Tsukamoto, T. and Boschi, T. and Bhuiyan, N. and Burton, G. T. and Gao, J. and Goldsack, A. and Katori, T. and Di Lodovico, F. and Migenda, J. and Molina Sedgwick, S. and Ramsden, R. M. and Taani, M. and Xie, Z. and Zsoldos, S. and Abe, KE. and Hasegawa, M. and Isobe, Y. and Kotsar, Y. and Miyabe, H. and Ozaki, H. and Shiozawa, T. and Sugimoto, T. and Suzuki, A. T. and Takagi, Y. and Takeuchi, Y. and Yamamoto, S. and Zhong, H. and Ashida, Y. and Feng, J. and Feng, L. and Hayashino, T. and Hirota, S. and Hu, J. R. and Hu, Z. and Jiang, M. and Kawaue, M. and Kikawa, T. and Mori, M. and Nakamura, KE. and Nakaya, T. and Wendell, R. A. and Yasutome, K. and Jenkins, S. J. and McCauley, N. and Mehta, P. and Pritchard, A. and Tarrant, A. and Wilking, M. J. and Fukuda, Y. and Itow, Y. and Menjo, H. and Murase, M. and Ninomiya, K. and Niwa, T. and Tsukada, M. and Yoshioka, Y. and Frankiewicz, K. and Lagoda, J. and Mandal, M. and Mijakowski, P. and Prabhu, Y. S. and Zalipska, J. and Jiang, J. and Jia, M. and Jung, C. K. and Palomino, J. L. and Santucci, G. and Shi, W. and Vilela, C. and Yanagisawa, C. and Fukuda, D. and Hagiwara, K. and Harada, M. and Hino, Y. and Horai, T. and Ishino, H. and Ito, S. and Kitagawa, H. and Koshio, Y. and Ma, W. and Nakanishi, F. and Piplani, N. and Sakai, S. and Sakuda, M. and Tada, T. and Tano, T. and Xu, C. and Yamaguchi, R. and Ishizuka, T. and Kuno, Y. and Barr, G. and Barrow, D. and Cook, L. and Samani, S. and Simpson, C. and Wark, D. and Holin, A. M. and Nova, F. and Jung, S. and Yang, B. and Yang, J. Y. and Yoo, J. and Fannon, J. E. P. and Kneale, L. and Malek, M. and McElwee, J. M. and Stone, O. and Thiesse, M. D. and Thompson, L. F. and Wilson, S. T. and Okazawa, H. and Lakshmi, S. M. and Choi, Y. and Kim, S. B. and Kwon, E. and Seo, J. W. and Yu, I. and Ichikawa, A. K. and Nakamura, K. and Tairafune, S. and Nishijima, K. and Eguchi, A. and Iwamoto, K. and Nakagiri, K. and Nakajima, Y. and Ogawa, N. and Shima, S. and Watanabe, E. and Yokoyama, M. and Calland, R. G. and Fujita, S. and Jes\'us-Valls, C. and Xia, J. and Ming, T. K. and de Perio, P. and Martens, K. and Murdoch, M. and Vagins, M. R. and Izumiyama, S. and Kuze, M. and Matsumoto, R. and Okajima, Y. and Tanaka, M. and Yoshida, T. and Inomoto, M. and Ishitsuka, M. and Ito, H. and Kinoshita, T. and Matsumoto, R. and Ohta, K. and Ommura, Y. and Shinoki, M. and Shigeta, N. and Suganuma, T. and Yamauchi, K. and Yoshida, T. and Martin, J. F. and Nantais, C. M. and Tanaka, H. A. and Towstego, T. and Gaur, R. and Gousy-Leblanc, V. and Hartz, M. and Konaka, A. and Li, X. and Chen, S. and Xu, B. D. and Zhang, B. and Berkman, S. and Posiadala-Zezula, M. and Boyd, S. B. and Edwards, R. and Hadley, D. and Nicholson, M. and O'Flaherty, M. and Richards, B. and Ali, A. and Jamieson, B. and Walker, J. and Amanai, S. and Marti, Ll. and Minamino, A. and Okamoto, K. and Pintaudi, G. and Sano, S. and Sasaki, R. and Suzuki, S. and Wada, K.},
  collaboration = {Super-Kamiokande Collaboration},
  journal = {\prd},
  volume = {109},
  number = {9},
  eid = {092001},
  numpages = {44},
  year = {2024},
  month = {May},
  publisher = {American Physical Society},
  doi = {10.1103/PhysRevD.109.092001},
  url = {https://link.aps.org/doi/10.1103/PhysRevD.109.092001},
  archivePrefix = {arXiv},
  eprint = {2312.12907},
  primaryClass = {hep-ex}
}

@article{AnEtAl2017,
    doi = {10.1088/1674-1137/41/1/013002},
    url = {https://dx.doi.org/10.1088/1674-1137/41/1/013002},
    year = {2017},
    month = {jan},
    publisher = {IOP Publishing},
    volume = {41},
    number = {1},
    eid = {013002},
    author = {F. P. An and A. B. Balantekin and H. R. Band and M. Bishai and S. Blyth and D. Cao and G. F. Cao and J. Cao and W. R. Cen and Y. L. Chan and J. F. Chang and L. C. Chang and Y. Chang and H. S. Chen and Q. Y. Chen and S. M. Chen and Y. X. Chen and Y. Chen and J.-H. Cheng and J. Cheng and Y. P. Cheng and Z. K. Cheng and J. J. Cherwinka and M. C. Chu and A. Chukanov and J. P. Cummings and J. de Arcos and Z. Y. Deng and X. F. Ding and Y. Y. Ding and M. V. Diwan and M. Dolgareva and J. Dove and D. A. Dwyer and W. R. Edwards and R. Gill and M. Gonchar and G. H. Gong and H. Gong and M. Grassi and W. Q. Gu and M. Y. Guan and L. Guo and R. P. Guo and X. H. Guo and Z. Guo and R. W. Hackenburg and R. Han and S. Hans and M. He and K. M. Heeger and Y. K. Heng and A. Higuera and Y. K. Hor and Y. B. Hsiung and B. Z. Hu and T. Hu and W. Hu and E. C. Huang and H. X. Huang and X. T. Huang and P. Huber and W. Huo and G. Hussain and D. E. Jaffe and P. Jaffke and K. L. Jen and S. Jetter and X. P. Ji and X. L. Ji and J. B. Jiao and R. A. Johnson and D. Jones and J. Joshi and L. Kang and S. H. Kettell and S. Kohn and M. Kramer and K. K. Kwan and M. W. Kwok and T. Kwok and T. J. Langford and K. Lau and L. Lebanowski and J. Lee and J. H. C. Lee and R. T. Lei and R. Leitner and C. Li and D. J. Li and F. Li and G. S. Li and Q. J. Li and S. Li and S. C. Li and W. D. Li and X. N. Li and Y. F. Li and Z. B. Li and H. Liang and C. J. Lin and G. L. Lin and S. Lin and S. K. Lin and Y.-C. Lin and J. J. Ling and J. M. Link and L. Littenberg and B. R. Littlejohn and D. W. Liu and J. L. Liu and J. C. Liu and C. W. Loh and C. Lu and H. Q. Lu and J. S. Lu and K. B. Luk and Z. Lv and Q. M. Ma and X. Y. Ma and X. B. Ma and Y. Q. Ma and Y. Malyshkin and D. A. Martinez Caicedo and K. T. McDonald and R. D. McKeown and I. Mitchell and M. Mooney and Y. Nakajima and J. Napolitano and D. Naumov and E. Naumova and H. Y. Ngai and Z. Ning and J. P. Ochoa-Ricoux and A. Olshevskiy and H.-R. Pan and J. Park and S. Patton and V. Pec and J. C. Peng and L. Pinsky and C. S. J. Pun and F. Z. Qi and M. Qi and X. Qian and N. Raper and J. Ren and R. Rosero and B. Roskovec and X. C. Ruan and H. Steiner and G. X. Sun and J. L. Sun and W. Tang and D. Taychenachev and K. Treskov and K. V. Tsang and C. E. Tull and N. Viaux and B. Viren and V. Vorobel and C. H. Wang and M. Wang and N. Y. Wang and R. G. Wang and W. Wang and X. Wang and Y. F. Wang and Z. Wang and Z. Wang and Z. M. Wang and H. Y. Wei and L. J. Wen and K. Whisnant and C. G. White and L. Whitehead and T. Wise and H. L. H. Wong and S. C. F. Wong and E. Worcester and C.-H. Wu and Q. Wu and W. J. Wu and D. M. Xia and J. K. Xia and Z. Z. Xing and J. Y. Xu and J. L. Xu and Y. Xu and T. Xue and C. G. Yang and H. Yang and L. Yang and M. S. Yang and M. T. Yang and M. Ye and Z. Ye and M. Yeh and B. L. Young and Z. Y. Yu and S. Zeng and L. Zhan and C. Zhang and H. H. Zhang and J. W. Zhang and Q. M. Zhang and X. T. Zhang and Y. M. Zhang and Y. X. Zhang and Y. M. Zhang and Z. J. Zhang and Z. Y. Zhang and Z. P. Zhang and J. Zhao and Q. W. Zhao and Y. B. Zhao and W. L. Zhong and L. Zhou and N. Zhou and H. L. Zhuang and J. H. Zou},
    collaboration = {Daya Bay Collaboration},
    title = {Improved measurement of the reactor antineutrino flux and spectrum at Daya Bay*},
    journal = {\cpc},
    archivePrefix = {arXiv},
    eprint = {1607.05378},
    primaryClass = {hep-ex}
}

@article{BasilicoEtAl2023,
  title = {Final results of Borexino on CNO solar neutrinos},
  author = {Basilico, D. and Bellini, G. and Benziger, J. and Biondi, R. and Caccianiga, B. and Calaprice, F. and Caminata, A. and Chepurnov, A. and D'Angelo, D. and Derbin, A. and Di Giacinto, A. and Di Marcello, V. and Ding, X. F. and Di Ludovico, A. and Di Noto, L. and Drachnev, I. and Franco, D. and Galbiati, C. and Ghiano, C. and Giammarchi, M. and Goretti, A. and Gromov, M. and Guffanti, D. and Ianni, Aldo and Ianni, Andrea and Jany, A. and Kobychev, V. and Korga, G. and Kumaran, S. and Laubenstein, M. and Litvinovich, E. and Lombardi, P. and Lomskaya, I. and Ludhova, L. and Machulin, I. and Martyn, J. and Meroni, E. and Miramonti, L. and Misiaszek, M. and Muratova, V. and Nugmanov, R. and Oberauer, L. and Orekhov, V. and Ortica, F. and Pallavicini, M. and Pelicci, L. and Penek, \"O. and Pietrofaccia, L. and Pilipenko, N. and Pocar, A. and Raikov, G. and Ranalli, M. T. and Ranucci, G. and Razeto, A. and Re, A. and Rossi, N. and Sch\"onert, S. and Semenov, D. and Settanta, G. and Skorokhvatov, M. and Singhal, A. and Smirnov, O. and Sotnikov, A. and Tartaglia, R. and Testera, G. and Unzhakov, E. and Villante, F. L. and Vishneva, A. and Vogelaar, R. B. and von Feilitzsch, F. and Wojcik, M. and Wurm, M. and Zavatarelli, S. and Zuber, K. and Zuzel, G.},
  collaboration = {Borexino Collaboration},
  journal = {\prd},
  volume = {108},
  number = {10},
  eid = {102005},
  numpages = {15},
  year = {2023},
  month = {Nov},
  publisher = {American Physical Society},
  doi = {10.1103/PhysRevD.108.102005},
  url = {https://link.aps.org/doi/10.1103/PhysRevD.108.102005},
  archivePrefix = {arXiv},
  eprint = {2307.14636},
  primaryClass = {hep-ex}
}

@article{AharmimEtAl2013,
  title = {Measurement of the ${\ensuremath{\nu}}_{e}$ and total ${}^{8}$B solar neutrino fluxes with the Sudbury Neutrino Observatory phase-III data set},
  author = {Aharmim, B. and Ahmed, S. N. and Amsbaugh, J. F. and Anaya, J. M. and Anthony, A. E. and Banar, J. and Barros, N. and Beier, E. W. and Bellerive, A. and Beltran, B. and Bergevin, M. and Biller, S. D. and Boudjemline, K. and Boulay, M. G. and Bowles, T. J. and Browne, M. C. and Bullard, T. V. and Burritt, T. H. and Cai, B. and Chan, Y. D. and Chauhan, D. and Chen, M. and Cleveland, B. T. and Cox, G. A. and Currat, C. A. and Dai, X. and Deng, H. and Detwiler, J. A. and DiMarco, M. and Doe, P. J. and Doucas, G. and Dragowsky, M. R. and Drouin, P.-L. and Duba, C. A. and Duncan, F. A. and Dunford, M. and Earle, E. D. and Elliott, S. R. and Evans, H. C. and Ewan, G. T. and Farine, J. and Fergani, H. and Fleurot, F. and Ford, R. J. and Formaggio, J. A. and Fowler, M. M. and Gagnon, N. and Germani, J. V. and Goldschmidt, A. and Goon, J. TM. and Graham, K. and Guillian, E. and Habib, S. and Hahn, R. L. and Hallin, A. L. and Hallman, E. D. and Hamian, A. A. and Harper, G. C. and Harvey, P. J. and Hazama, R. and Heeger, K. M. and Heintzelman, W. J. and Heise, J. and Helmer, R. L. and Henning, R. and Hime, A. and Howard, C. and Howe, M. A. and Huang, M. and Jagam, P. and Jamieson, B. and Jelley, N. A. and Keeter, K. J. and Klein, J. R. and Kormos, L. L. and Kos, M. and Kr\"uger, A. and Kraus, C. and Krauss, C. B. and Kutter, T. and Kyba, C. C. M. and Lange, R. and Law, J. and Lawson, I. T. and Lesko, K. T. and Leslie, J. R. and Loach, J. C. and MacLellan, R. and Majerus, S. and Mak, H. B. and Maneira, J. and Martin, R. and McCauley, N. and McDonald, A. B. and McGee, S. R. and Mifflin, C. and Miller, G. G. and Miller, M. L. and Monreal, B. and Monroe, J. and Morissette, B. and Myers, A. W. and Nickel, B. G. and Noble, A. J. and O'Keeffe, H. M. and Oblath, N. S. and Ollerhead, R. W. and Orebi Gann, G. D. and Oser, S. M. and Ott, R. A. and Peeters, S. J. M. and Poon, A. W. P. and Prior, G. and Reitzner, S. D. and Rielage, K. and Robertson, B. C. and Robertson, R. G. H. and Rollin, E. and Schwendener, M. H. and Secrest, J. A. and Seibert, S. R. and Simard, O. and Simpson, J. J. and Skensved, P. and Smith, M. W. E. and Sonley, T. J. and Steiger, T. D. and Stonehill, L. C. and Te\ifmmode \check{s}\else \v{s}\fi{}i\ifmmode \acute{c}\else \'{c}\fi{}, G. and Thornewell, P. M. and Tolich, N. and Tsui, T. and Tunnell, C. D. and Van Wechel, T. and Van Berg, R. and VanDevender, B. A. and Virtue, C. J. and Wall, B. L. and Waller, D. and Wan Chan Tseung, H. and Wendland, J. and West, N. and Wilhelmy, J. B. and Wilkerson, J. F. and Wilson, J. R. and Wouters, J. M. and Wright, A. and Yeh, M. and Zhang, F. and Zuber, K.},
  collaboration = {SNO Collaboration},
  journal = {\prc},
  volume = {87},
  number = {1},
  eid = {015502},
  numpages = {43},
  year = {2013},
  month = {Jan},
  publisher = {American Physical Society},
  doi = {10.1103/PhysRevC.87.015502},
  url = {https://link.aps.org/doi/10.1103/PhysRevC.87.015502},
  archivePrefix = {arXiv},
  eprint = {1107.2901},
  primaryClass = {nucl-ex}
}

@article{AbratenkoEtAl2024,
  title = {First Simultaneous Measurement of Differential Muon-Neutrino Charged-Current Cross Sections on Argon for Final States with and without Protons Using MicroBooNE Data},
  author = {Abratenko, P. and Alterkait, O. and Andrade Aldana, D. and Arellano, L. and Asaadi, J. and Ashkenazi, A. and Balasubramanian, S. and Baller, B. and Barr, G. and Barrow, D. and Barrow, J. and Basque, V. and Benevides Rodrigues, O. and Berkman, S. and Bhanderi, A. and Bhat, A. and Bhattacharya, M. and Bishai, M. and Blake, A. and Bogart, B. and Bolton, T. and Book, J. Y. and Brunetti, M. B. and Camilleri, L. and Cao, Y. and Caratelli, D. and Cavanna, F. and Cerati, G. and Chappell, A. and Chen, Y. and Conrad, J. M. and Convery, M. and Cooper-Troendle, L. and Crespo-Anad\'on, J. I. and Cross, R. and Del Tutto, M. and Dennis, S. R. and Detje, P. and Devitt, A. and Diurba, R. and Djurcic, Z. and Dorrill, R. and Duffy, K. and Dytman, S. and Eberly, B. and Englezos, P. and Ereditato, A. and Evans, J. J. and Fine, R. and Finnerud, O. G. and Foreman, W. and Fleming, B. T. and Franco, D. and Furmanski, A. P. and Gao, F. and Garcia-Gamez, D. and Gardiner, S. and Ge, G. and Gollapinni, S. and Gramellini, E. and Green, P. and Greenlee, H. and Gu, L. and Gu, W. and Guenette, R. and Guzowski, P. and Hagaman, L. and Hen, O. and Hilgenberg, C. and Horton-Smith, G. A. and Imani, Z. and Irwin, B. and Ismail, M. S. and James, C. and Ji, X. and Jo, J. H. and Johnson, R. A. and Jwa, Y.-J. and Kalra, D. and Kamp, N. and Karagiorgi, G. and Ketchum, W. and Kirby, M. and Kobilarcik, T. and Kreslo, I. and Leibovitch, M. B. and Lepetic, I. and Li, J.-Y. and Li, K. and Li, Y. and Lin, K. and Littlejohn, B. R. and Liu, H. and Louis, W. C. and Luo, X. and Mariani, C. and Marsden, D. and Marshall, J. and Martinez, N. and Martinez Caicedo, D. A. and Martynenko, S. and Mastbaum, A. and Mawby, I. and McConkey, N. and Meddage, V. and Micallef, J. and Miller, K. and Mogan, A. and Mohayai, T. and Mooney, M. and Moor, A. F. and Moore, C. D. and Mora Lepin, L. and Moudgalya, M. M. and Mulleriababu, S. and Naples, D. and Navrer-Agasson, A. and Nayak, N. and Nebot-Guinot, M. and Nowak, J. and Oza, N. and Palamara, O. and Pallat, N. and Paolone, V. and Papadopoulou, A. and Papavassiliou, V. and Parkinson, H. B. and Pate, S. F. and Patel, N. and Pavlovic, Z. and Piasetzky, E. and Pophale, I. and Qian, X. and Raaf, J. L. and Radeka, V. and Rafique, A. and Reggiani-Guzzo, M. and Ren, L. and Rochester, L. and Rodriguez Rondon, J. and Rosenberg, M. and Ross-Lonergan, M. and Rudolf von Rohr, C. and Safa, I. and Scanavini, G. and Schmitz, D. W. and Schukraft, A. and Seligman, W. and Shaevitz, M. H. and Sharankova, R. and Shi, J. and Snider, E. L. and Soderberg, M. and S\"oldner-Rembold, S. and Spitz, J. and Stancari, M. and John, J. St. and Strauss, T. and Szelc, A. M. and Tang, W. and Taniuchi, N. and Terao, K. and Thorpe, C. and Torbunov, D. and Totani, D. and Toups, M. and Tsai, Y.-T. and Tyler, J. and Uchida, M. A. and Usher, T. and Viren, B. and Weber, M. and Wei, H. and White, A. J. and Wolbers, S. and Wongjirad, T. and Wospakrik, M. and Wresilo, K. and Wu, W. and Yandel, E. and Yang, T. and Yates, L. E. and Yu, H. W. and Zeller, G. P. and Zennamo, J. and Zhang, C.},
  collaboration = {MicroBooNE Collaboration},
  journal = {\prl},
  volume = {133},
  number = {4},
  eid = {041801},
  numpages = {8},
  year = {2024},
  month = {Jul},
  publisher = {American Physical Society},
  doi = {10.1103/PhysRevLett.133.041801},
  url = {https://link.aps.org/doi/10.1103/PhysRevLett.133.041801},
  archivePrefix = {arXiv},
  eprint = {2402.19281},
  primaryClass = {hep-ex}
}

@ARTICLE{BaxterEtAl2022,
       author = {{Baxter}, Daniel and {Bunker}, Raymond and {Shaw}, Sally and {Westerdale}, Shawn and {Arnquist}, Isaac and {Akerib}, Daniel S. and {Calkins}, Rob and {Cebri{\'a}n}, Susana and {Dent}, James B. and {di Vacri}, Maria Laura and {Dobson}, Jim and {Egana-Ugrinovic}, Daniel and {Erlandson}, Andrew and {Ghag}, Chamkaur and {Hall}, Carter and {Hall}, Jeter and {Haselschwardt}, Scott and {Hoppe}, Eric and {Jackson}, Chris M. and {Kahn}, Yonatan and {Kamaha}, Alvine and {Kelsey}, Mike and {Kish}, Alexander and {Kurinsky}, Noah and {Laubenstein}, Matthias and {Miller}, Eric H. and {Morrison}, Eric and {Mount}, Brianna and {Newstead}, Jayden L. and {Nisi}, Stefano and {Olcina}, Ibles and {Orrell}, John and {Pereverzev}, Sergey and {Perry}, Emily and {Piepke}, Andreas and {Sharma Poudel}, Sagar and {Ramanathan}, Karthik and {Reichenbacher}, Juergen and {Saab}, Tarek and {Saldanha}, Richard and {Savarese}, Claudio and {Schnee}, Richard and {Scorza}, Silvia and {Singh}, Rajeev and {Stifter}, Kelly and {Suerfu}, Burkhant and {Szydagis}, Matthew and {Temples}, Dylan J. and {Villano}, Anthony and {Woodward}, David and {Xu}, Jingke},
        title = "{Snowmass2021 Cosmic Frontier White Paper: Calibrations and backgrounds for dark matter direct detection}",
      journal = {arXiv e-prints},
         year = 2022,
        month = mar,
          eid = {arXiv:2203.07623},
          doi = {10.48550/arXiv.2203.07623},
archivePrefix = {arXiv},
       eprint = {2203.07623},
 primaryClass = {hep-ex},
       adsurl = {https://ui.adsabs.harvard.edu/abs/2022arXiv220307623B},
      adsnote = {Provided by the SAO/NASA Astrophysics Data System}
}

@ARTICLE{NordlundEtAl2024,
       author = {{Nordlund}, Kai and {Kong}, Fanhao and {Djurabekova}, Flyura and {Heikinheimo}, Matti and {Tuominen}, Kimmo and {Mirabolfathi}, Nader},
        title = "{Defect recombination origin of low energy excess in semiconductor detectors}",
      journal = {arXiv e-prints},
         year = 2024,
        month = aug,
          eid = {arXiv:2408.07518},
          doi = {10.48550/arXiv.2408.07518},
archivePrefix = {arXiv},
       eprint = {2408.07518},
 primaryClass = {cond-mat.mtrl-sci},
       adsurl = {https://ui.adsabs.harvard.edu/abs/2024arXiv240807518N},
      adsnote = {Provided by the SAO/NASA Astrophysics Data System}
}

@article{CRESSTIII2019,
  title = {First results from the CRESST-III low-mass dark matter program},
  author = {Abdelhameed, A. H. and Angloher, G. and Bauer, P. and Bento, A. and Bertoldo, E. and Bucci, C. and Canonica, L. and D'Addabbo, A. and Defay, X. and Di Lorenzo, S. and Erb, A. and Feilitzsch, F. v. and Fichtinger, S. and Ferreiro Iachellini, N. and Fuss, A. and Gorla, P. and Hauff, D. and Jochum, J. and Kinast, A. and Kluck, H. and Kraus, H. and Langenk\"amper, A. and Mancuso, M. and Mokina, V. and Mondragon, E. and M\"unster, A. and Olmi, M. and Ortmann, T. and Pagliarone, C. and Pattavina, L. and Petricca, F. and Potzel, W. and Pr\"obst, F. and Reindl, F. and Rothe, J. and Sch\"affner, K. and Schieck, J. and Schipperges, V. and Schmiedmayer, D. and Sch\"onert, S. and Schwertner, C. and Stahlberg, M. and Stodolsky, L. and Strandhagen, C. and Strauss, R. and T\"urko\ifmmode \check{g}\else \v{g}\fi{}lu, C. and Usherov, I. and Willers, M. and Zema, V.},
  collaboration = {CRESST Collaboration},
  journal = {\prd},
  volume = {100},
  number = {10},
  eid = {102002},
  numpages = {11},
  year = {2019},
  month = {Nov},
  publisher = {American Physical Society},
  doi = {10.1103/PhysRevD.100.102002},
  url = {https://link.aps.org/doi/10.1103/PhysRevD.100.102002},
  archivePrefix = {arXiv},
  eprint = {1904.00498},
  primaryClass = {astro-ph.CO}
}

@article{DAMIC2020,
  title = {Results on Low-Mass Weakly Interacting Massive Particles from an 11 kg d Target Exposure of DAMIC at SNOLAB},
  author = {Aguilar-Arevalo, A. and Amidei, D. and Baxter, D. and Cancelo, G. and Vergara, B. A. Cervantes and Chavarria, A. E. and D'Olivo, J. C. and Estrada, J. and Favela-Perez, F. and Ga\"{\i}or, R. and Guardincerri, Y. and Hoppe, E. W. and Hossbach, T. W. and Kilminster, B. and Lawson, I. and Lee, S. J. and Letessier-Selvon, A. and Matalon, A. and Mitra, P. and Overman, C. T. and Piers, A. and Privitera, P. and Ramanathan, K. and Da Rocha, J. and Sarkis, Y. and Settimo, M. and Smida, R. and Thomas, R. and Tiffenberg, J. and Traina, M. and Vilar, R. and Virto, A. L.},
  collaboration = {DAMIC Collaboration},
  journal = {\prl},
  volume = {125},
  number = {24},
  eid = {241803},
  numpages = {6},
  year = {2020},
  month = {Dec},
  publisher = {American Physical Society},
  doi = {10.1103/PhysRevLett.125.241803},
  url = {https://link.aps.org/doi/10.1103/PhysRevLett.125.241803},
  archivePrefix = {arXiv},
  eprint = {2007.15622},
  primaryClass = {astro-ph.CO},
}

@ARTICLE{NUCLEUS2020,
       author = {{Rothe}, J. and {Angloher}, G. and {Ardellier-Desages}, F. and {Bento}, A. and {Canonica}, L. and {Erhart}, A. and {Ferreiro}, N. and {Friedl}, M. and {Ghete}, V.~M. and {Hauff}, D. and {Kluck}, H. and {Lasserre}, T. and {Lhuillier}, D. and {Kinast}, A. and {Mancuso}, M. and {Rubiales}, J. Molina and {Mondragon-Cortes}, E. and {Munch}, G. and {Nones}, C. and {Oberauer}, L. and {Ortmann}, T. and {Pattavina}, L. and {Petricca}, F. and {Potzel}, W. and {Pr{\"o}bst}, F. and {Reindl}, F. and {Schieck}, J. and {Sch{\"o}nert}, S. and {Schwertner}, C. and {Scola}, L. and {Stodolsky}, L. and {Strauss}, R. and {Vivier}, M. and {Wagner}, V. and {Zolotarova}, A.},
collaboration = {NUCLEUS Collaboration},
        title = "{NUCLEUS: Exploring Coherent Neutrino-Nucleus Scattering with Cryogenic Detectors}",
      journal = {\jltp},
     keywords = {Transition-edge sensor, Cryogenic detector, Coherent Neutrino-Nucleus Scattering},
         year = 2020,
        month = apr,
       volume = {199},
       number = {1-2},
        pages = {433--440},
          doi = {10.1007/s10909-019-02283-7},
       adsurl = {https://ui.adsabs.harvard.edu/abs/2020JLTP..199..433R},
      adsnote = {Provided by the SAO/NASA Astrophysics Data System}
}

@article{SENSEI2020,
  title = {SENSEI: Direct-Detection Results on sub-GeV Dark Matter from a New Skipper CCD},
  author = {Barak, Liron and Bloch, Itay M. and Cababie, Mariano and Cancelo, Gustavo and Chaplinsky, Luke and Chierchie, Fernando and Crisler, Michael and Drlica-Wagner, Alex and Essig, Rouven and Estrada, Juan and Etzion, Erez and Moroni, Guillermo Fernandez and Gift, Daniel and Munagavalasa, Sravan and Orly, Aviv and Rodrigues, Dario and Singal, Aman and Haro, Miguel Sofo and Stefanazzi, Leandro and Tiffenberg, Javier and Uemura, Sho and Volansky, Tomer and Yu, Tien-Tien},
  collaboration = {SENSEI Collaboration},
  journal = {\prl},
  volume = {125},
  number = {17},
  eid = {171802},
  numpages = {7},
  year = {2020},
  month = {Oct},
  publisher = {American Physical Society},
  doi = {10.1103/PhysRevLett.125.171802},
  url = {https://link.aps.org/doi/10.1103/PhysRevLett.125.171802},
  archivePrefix = {arXiv},
  eprint = {2004.11378},
  primaryClass = {astro-ph.CO}
}

@article{SuperCDMS2020,
  title = {Constraints on low-mass, relic dark matter candidates from a surface-operated SuperCDMS single-charge sensitive detector},
  author = {Amaral, D. W. and Aralis, T. and Aramaki, T. and Arnquist, I. J. and Azadbakht, E. and Banik, S. and Barker, D. and Bathurst, C. and Bauer, D. A. and Bezerra, L. V. S. and Bhattacharyya, R. and Binder, T. and Bowles, M. A. and Brink, P. L. and Bunker, R. and Cabrera, B. and Calkins, R. and Cameron, R. A. and Cartaro, C. and Cerde\~no, D. G. and Chang, Y.-Y. and Chen, R. and Chott, N. and Cooley, J. and Coombes, H. and Corbett, J. and Cushman, P. and De Brienne, F. and di Vacri, M. L. and Diamond, M. D. and Fascione, E. and Figueroa-Feliciano, E. and Fink, C. W. and Fouts, K. and Fritts, M. and Gerbier, G. and Germond, R. and Ghaith, M. and Golwala, S. R. and Harris, H. R. and Herbert, N. and Hines, B. A. and Hollister, M. I. and Hong, Z. and Hoppe, E. W. and Hsu, L. and Huber, M. E. and Iyer, V. and Jardin, D. and Jastram, A. and Kelsey, M. H. and Kubik, A. and Kurinsky, N. A. and Lawrence, R. E. and Li, A. and Loer, B. and Lopez Asamar, E. and Lukens, P. and MacDonell, D. and MacFarlane, D. B. and Mahapatra, R. and Mandic, V. and Mast, N. and Mayer, A. J. and Michaud, \'E. M. and Michielin, E. and Mirabolfathi, N. and Mohanty, B. and Morales Mendoza, J. D. and Nagorny, S. and Nelson, J. and Neog, H. and Novati, V. and Orrell, J. L. and Oser, S. M. and Page, W. A. and Pakarha, P. and Partridge, R. and Podviianiuk, R. and Ponce, F. and Poudel, S. and Pyle, M. and Rau, W. and Reid, E. and Ren, R. and Reynolds, T. and Roberts, A. and Robinson, A. E. and Rogers, H. E. and Saab, T. and Sadoulet, B. and Sander, J. and Sattari, A. and Schnee, R. W. and Scorza, S. and Serfass, B. and Sincavage, D. J. and Stanford, C. and Stein, M. and Street, J. and Toback, D. and Underwood, R. and Verma, S. and Villano, A. N. and von Krosigk, B. and Watkins, S. L. and Wills, L. and Wilson, J. S. and Wilson, M. J. and Winchell, J. and Wright, D. H. and Yellin, S. and Young, B. A. and Yu, T. C. and Zhang, E. and Zhang, H. G. and Zhao, X. and Zheng, L.},
  collaboration = {SuperCDMS Collaboration},
  journal = {\prd},
  volume = {102},
  number = {9},
  eid = {091101},
  numpages = {9},
  year = {2020},
  month = {Nov},
  publisher = {American Physical Society},
  doi = {10.1103/PhysRevD.102.091101},
  url = {https://link.aps.org/doi/10.1103/PhysRevD.102.091101},
  archivePrefix = {arXiv},
  eprint = {2005.14067},
  primaryClass = {hep-ex}
}

@ARTICLE{AnthonyPetersen2024,
       author = {{Anthony-Petersen}, Robin and {Biekert}, Andreas and {Bunker}, Raymond and {Chang}, Clarence L. and {Chang}, Yen-Yung and {Chaplinsky}, Luke and {Fascione}, Eleanor and {Fink}, Caleb W. and {Garcia-Sciveres}, Maurice and {Germond}, Richard and {Guo}, Wei and {Hertel}, Scott A. and {Hong}, Ziqing and {Kurinsky}, Noah and {Li}, Xinran and {Lin}, Junsong and {Lisovenko}, Marharyta and {Mahapatra}, Rupak and {Mayer}, Adam and {McKinsey}, Daniel N. and {Mehrotra}, Siddhant and {Mirabolfathi}, Nader and {Neblosky}, Brian and {Page}, William A. and {Patel}, Pratyush K. and {Penning}, Bjoern and {Pinckney}, H. Douglas and {Platt}, Mark and {Pyle}, Matt and {Reed}, Maggie and {Romani}, Roger K. and {Santana Queiroz}, Hadley and {Sadoulet}, Bernard and {Serfass}, Bruno and {Smith}, Ryan and {Sorensen}, Peter and {Suerfu}, Burkhant and {Suzuki}, Aritoki and {Underwood}, Ryan and {Velan}, Vetri and {Wang}, Gensheng and {Wang}, Yue and {Watkins}, Samuel L. and {Williams}, Michael R. and {Yefremenko}, Volodymyr and {Zhang}, Jianjie},
        title = "{A stress-induced source of phonon bursts and quasiparticle poisoning}",
      journal = {\natcomm},
         year = 2024,
        month = jul,
       volume = {15},
        pages = {6444},
          doi = {10.1038/s41467-024-50173-8},
archivePrefix = {arXiv},
       eprint = {2208.02790},
 primaryClass = {physics.ins-det},
       adsurl = {https://ui.adsabs.harvard.edu/abs/2024NatCo..15.6444A},
      adsnote = {Provided by the SAO/NASA Astrophysics Data System}
}

@article{Romani2024,
    author = {Romani, Roger K.},
    title = "{Aluminum relaxation as the source of excess low energy events in low threshold calorimeters}",
    journal = {\jap},
    volume = {136},
    number = {12},
    eid = {124502},
    year = {2024},
    month = {09},
    issn = {0021-8979},
    doi = {10.1063/5.0222654},
    url = {https://doi.org/10.1063/5.0222654},
    archivePrefix = {arXiv},
    eprint = {2406.15425},
    primaryClass = {physics.ins-det}
}

@Article{AdariEtAl2022,
	title = {{EXCESS workshop: Descriptions of rising low-energy spectra}},
	author = {P. Adari and A. Aguilar-Arevalo and D. Amidei and G. Angloher and E. Armengaud and C. Augier and L. Balogh and S. Banik and D. Baxter and C. Beaufort and G. Beaulieu and V. Belov and Y. Ben Gal and G. Benato and A. Benoît and A. Bento and L. Bergé and A. Bertolini and R. Bhattacharyya and J. Billard and I.M. Bloch and A. Botti and R. Breier and G. Bres and J-.L. Bret and A. Broniatowski and A. Brossard and C. Bucci and R. Bunker and M. Cababie and M. Calvo and P. Camus and G. Cancelo and L. Canonica and F. Cappella and L. Cardani and J.-F. Caron and N. Casali and G.del Castello and A. Cazes and R. Cerulli and B.A. Cervantes Vergara and D. Chaize and M. Chapellier and L. Chaplinsky and F. Charlieux and M. Chaudhuri and A.E. Chavarria and G. Chemin and R. Chen and H. Chen and F. Chierchie and I. Colantoni and J. Colas and J. Cooley and J.-M. Coquillat and E.C. Corcoran and S. Crawford and M. Crisler and A. Cruciani and P. Cushman and A. D'Addabbo and J.C. D'Olivo and A. Dastgheibi-Fard and M. De Jésus and Y. Deng and J.B. Dent and E.L. Depaoli and K. Dering and S. Dharani and S. Di Lorenzo and A. Drlica-Wagner and L. Dumoulin and D. Durnford and B. Dutta and L. Einfalt and A. Erb and A. Erhart and R. Essig and J. Estrada and E. Etzion and O. Exshaw and F. Favela-Perez and F. v. Feilitzsch and G. Fernandez Moroni and N. Ferreiro Iachellini and S. Ferriol and S. Fichtinger and E. Figueroa-Feliciano and J.-B. Filippini and D. Filosofov and J. A. Formaggio and M. Friedl and S. Fuard and D. Fuchs and A. Fuss and R. Gaïor and A. Garai and C. Garrah and J. Gascon  and G. Gerbier and M. Ghaith and V.M. Ghete and D. Gift and I. Giomataris and G. Giroux and A. Giuliani and P. Gorel and P. Gorla and C. Goupy and J. Goupy and C. Goy and M. Gros and P. Gros and Y. Guardincerri and C. Guerin and V. Guidi and O. Guillaudin and S. Gupta and E. Guy and P. Harrington and D. Hauff and S. T. Heine and S. A. Hertel and S.E. Holland and Z. Hong and E.W. Hoppe and T.W. Hossbach and J.-C. Ianigro and V. Iyer and A. Jastram and M. Ješkovský and Y. Jin and J. Jochum and J. P. Johnston and A. Juillard and D. Karaivanov and V. Kashyap and I. Katsioulas and S. Kazarcev and M. Kaznacheeva and F. Kelly and B. Kilminster and A. Kinast and L. Klinkenberg and H. Kluck and P. Knights and Y. Korn and H. Kraus and B. von Krosigk and A. Kubik and N.A. Kurinsky and J. Lamblin and A. Langenkämper and S. Langrock and T. Lasserre and H. Lattaud and P. Lautridou and I. Lawson and S.J. Lee and M. Lee and A. Letessier-Selvon and D. Lhuillier and M. Li and Y.-T. Lin and A. Lubashevskiy and R. Mahapatra and S. Maludze and M. Mancuso and I. Manthos and L. Marini and S. Marnieros and R.D. Martin and A. Matalon and J. Matthews and B. Mauri and D. W. Mayer and A. Mazzolari and E. Mazzucato and H. Meyer zu Theenhausen and E. Michielin and J. Minet and N. Mirabolfathi and K. v. Mirbach and D. Misiak and P. Mitra and J-.L. Mocellin and B. Mohanty and V. Mokina and J.-P. Mols and A. Monfardini and F. Mounier and S. Munagavalasa and J.-F. Muraz and X.-F. Navick and T. Neep and H. Neog and H. Neyrial and K. Nikolopoulos and A. Nilima and C. Nones and V. Novati and P. O'Brien and L. Oberauer and E. Olivieri and M. Olmi and A. Onillon and C. Oriol and A. Orly and J.L. Orrell and T. Ortmann and C.T. Overman and C. Pagliarone and V. Palušová and P. Pari and P. K. Patel and L. Pattavina and F. Petricca and A. Piers and H. D. Pinckney and M.-C. Piro and M. Platt and D. Poda and D. Ponomarev and W. Potzel and P. Povinec and F. Pröbst and P. Privitera and F. Pucci and K. Ramanathan and J.-S. Real and T. Redon and F. Reindl and R. Ren and A. Robert and J.Da Rocha and D. Rodrigues and R. Rogly and J. Rothe and N. Rowe and S. Rozov and I. Rozova and T. Saab and N. Saffold and T. Salagnac and J. Sander and V. Sanglard and D. Santos and Y. Sarkis and V. Savu and G. Savvidis and I. Savvidis and S. Schönert and K. Schäffner and N. Schermer and J. Schieck and B. Schmidt and D. Schmiedmayer and C. Schwertner and L. Scola and M. Settimo and Ye. Shevchik and V. Sibille and I. Sidelnik and A. Singal and R. Smida and M. Sofo Haro and T. Soldner and J. Stachurska and M. Stahlberg and L. Stefanazzi and L. Stodolsky and C. Strandhagen and R. Strauss and A. Stutz and R. Thomas and A. Thompson and J. Tiffenberg and C. Tomei and M. Traina and S. Uemura and I. Usherov and L. Vagneron and W. Van De Pontseele and F.A. Vazquez de Sola Fernandez and M. Vidal and M. Vignati and A.L. Virto and M. Vivier and T. Volansky and V. Wagner and F. Wagner and J. Walker and R. Ward and S.L. Watkins and A. Wex and M. Willers and M.J. Wilson and L. Winslow and E. Yakushev and T.-T. Yu and M. Zampaolo and A. Zaytsev and V. Zema and D. Zinatulina and A. Zolotarova},
	journal = {\sppp},
    number = {9},
	eid = {001},
    month = {aug},
	year = {2022},
	publisher = {SciPost},
	doi = {10.21468/SciPostPhysProc.9.001},
	url = {https://scipost.org/10.21468/SciPostPhysProc.9.001},
    archivePrefix = {arXiv},
    eprint = {2202.05097},
    primaryClass = {astro-ph.IM}
}

@ARTICLE{TrickleEtAl2020,
       author = {{Trickle}, Tanner and {Zhang}, Zhengkang and {Zurek}, Kathryn M. and {Inzani}, Katherine and {Griffin}, Sin{\'e}ad M.},
        title = "{Multi-channel direct detection of light dark matter: theoretical framework}",
      journal = {\jhep},
     keywords = {Dark matter, Other experiments, High Energy Physics - Phenomenology},
         year = 2020,
        month = mar,
       volume = {2020},
       number = {3},
        eid = {36},
          doi = {10.1007/JHEP03(2020)036},
archivePrefix = {arXiv},
       eprint = {1910.08092},
 primaryClass = {hep-ph},
       adsurl = {https://ui.adsabs.harvard.edu/abs/2020JHEP...03..036T},
      adsnote = {Provided by the SAO/NASA Astrophysics Data System}
}

@article{SekiyaEtAl2003,
    title = {Measurements of anisotropic scintillation efficiency for carbon recoils in a stilbene crystal for dark matter detection},
    journal = {\plb},
    volume = {571},
    number = {3},
    pages = {132--138},
    month = {oct},
    year = {2003},
    issn = {0370-2693},
    doi = {10.1016/j.physletb.2003.07.077},
    url = {https://www.sciencedirect.com/science/article/pii/S0370269303012103},
    author = {Hiroyuki Sekiya and Makoto Minowa and Yuki Shimizu and Yoshizumi Inoue and Wataru Suganuma},
    archivePrefix = {arXiv},
    eprint = {astro-ph/0307384},
    primaryClass = {astro-ph}
}

@article{EssigEtAl2015,
    author = {Essig, Rouven and Fernandez-Serra, Marivi and Mardon, Jeremy and Soto, Adrian and Volansky, Tomer and Yu, Tien-Tien},
    title = {Direct Detection of sub-GeV Dark Matter with Semiconductor Targets},
    eprint = {1509.01598},
    archivePrefix = {arXiv},
    primaryClass = {hep-ph},
    doi = "10.1007/JHEP05(2016)046",
    journal = {\jhep},
    volume = {5},
    eid = {46},
    year = {2016},
    month = may
}

@article{KadribasicEtAl2018,
  title = {Directional Sensitivity in Light-Mass Dark Matter Searches with Single-Electron-Resolution Ionization Detectors},
  author = {Kadribasic, Fedja and Mirabolfathi, Nader and Nordlund, Kai and Sand, Andrea E. and Holmstr\"om, Eero and Djurabekova, Flyura},
  journal = {\prl},
  volume = {120},
  number = {11},
  eid = {111301},
  numpages = {5},
  year = {2018},
  month = {Mar},
  publisher = {American Physical Society},
  doi = {10.1103/PhysRevLett.120.111301},
  url = {https://link.aps.org/doi/10.1103/PhysRevLett.120.111301},
  archivePrefix = {arXiv},
  eprint = {1703.05371},
  primaryClass = {physics.ins-det}
}

@article{LimEtAl2016,
  title = {Electron Elevator: Excitations across the Band Gap via a Dynamical Gap State},
  author = {Lim, A. and Foulkes, W. M. C. and Horsfield, A. P. and Mason, D. R. and Schleife, A. and Draeger, E. W. and Correa, A. A.},
  journal = {\prl},
  volume = {116},
  number = {4},
  eid = {043201},
  numpages = {6},
  year = {2016},
  month = {Jan},
  publisher = {American Physical Society},
  doi = {10.1103/PhysRevLett.116.043201},
  url = {https://link.aps.org/doi/10.1103/PhysRevLett.116.043201},
  archivePrefix = {arXiv},
  eprint = {1509.08679},
  primaryClass = {cond-mat.mtrl-sci}
}

@article{BernabeiEtAl2023,
    doi = {10.1088/1742-6596/2586/1/012096},
    url = {https://dx.doi.org/10.1088/1742-6596/2586/1/012096},
    year = {2023},
    month = {sep},
    publisher = {IOP Publishing},
    volume = {2586},
    number = {1},
    eid = {012096},
    author = {R Bernabei and P Belli and F Cappella and V Caracciolo and R Cerulli and C J Dai and A d’Angelo and A Incicchitti and A Leoncini and X H Ma and V Merlo and F Montecchia and X D Sheng and Z P Ye},
    title = {Dark Matter with DAMA/LIBRA and its perspectives},
    journal = {\jpconf},
    archivePrefix = {arXiv},
    eprint = {2110.04734},
    primaryClass = {hep-ph}
}

@article{COSINE1002019,
  title = {Search for a Dark Matter-Induced Annual Modulation Signal in NaI(Tl) with the COSINE-100 Experiment},
  author = {Adhikari, G. and Adhikari, P. and de Souza, E. Barbosa and Carlin, N. and Choi, S. and Djamal, M. and Ezeribe, A. C. and Ha, C. and Hahn, I. S. and Jeon, E. J. and Jo, J. H. and Joo, H. W. and Kang, W. G. and Kang, W. and Kauer, M. and Kim, G. S. and Kim, H. and Kim, H. J. and Kim, K. W. and Kim, N. Y. and Kim, S. K. and Kim, Y. D. and Kim, Y. H. and Ko, Y. J. and Kudryavtsev, V. A. and Lee, H. S. and Lee, J. and Lee, J. Y. and Lee, M. H. and Leonard, D. S. and Lynch, W. A. and Maruyama, R. H. and Mouton, F. and Olsen, S. L. and Park, B. J. and Park, H. K. and Park, H. S. and Park, K. S. and Pitta, R. L. C. and Prihtiadi, H. and Ra, S. J. and Rott, C. and Shin, K. A. and Scarff, A. and Spooner, N. J. C. and Thompson, W. G. and Yang, L. and Yu, G. H.},
  collaboration = {COSINE-100 Collaboration},
  journal = {\prl},
  volume = {123},
  number = {3},
  eid = {031302},
  numpages = {6},
  year = {2019},
  month = {Jul},
  publisher = {American Physical Society},
  doi = {10.1103/PhysRevLett.123.031302},
  url = {https://link.aps.org/doi/10.1103/PhysRevLett.123.031302}
}

@ARTICLE{COSINE1002024,
       author = {{Carlin}, N. and {Cho}, J.~Y. and {Choi}, J.~J. and {Choi}, S. and {Ezeribe}, A.~C. and {Franca}, L.~E. and {Ha}, C. and {Hahn}, I.~S. and {Hollick}, S.~J. and {Jeon}, E.~J. and {Joo}, H.~W. and {Kang}, W.~G. and {Kauer}, M. and {Kim}, B.~H. and {Kim}, H.~J. and {Kim}, J. and {Kim}, K.~W. and {Kim}, S.~H. and {Kim}, S.~K. and {Kim}, W.~K. and {Kim}, Y.~D. and {Kim}, Y.~H. and {Ko}, Y.~J. and {Lee}, D.~H. and {Lee}, E.~K. and {Lee}, H. and {Lee}, H.~S. and {Lee}, H.~Y. and {Lee}, I.~S. and {Lee}, J. and {Lee}, J.~Y. and {Lee}, M.~H. and {Lee}, S.~H. and {Lee}, S.~M. and {Lee}, Y.~J. and {Leonard}, D.~S. and {Luan}, N.~T. and {Machado}, V.~H.~A. and {Manzato}, B.~B. and {Maruyama}, R.~H. and {Neal}, R.~J. and {Olsen}, S.~L. and {Park}, B.~J. and {Park}, H.~K. and {Park}, H.~S. and {Park}, J.~C. and {Park}, K.~S. and {Park}, S.~D. and {Pitta}, R.~L.~C. and {Prihtiadi}, H. and {Ra}, S.~J. and {Rott}, C. and {Shin}, K.~A. and {Cavalcante}, D.~F.~F.~S. and {Son}, M.~K. and {Spooner}, N.~J.~C. and {Truc}, L.~T. and {Yang}, L. and {Yu}, G.~H.},
collaboration = {COSINE-100 Collaboration},
        title = "{COSINE-100 Full Dataset Challenges the Annual Modulation Signal of DAMA/LIBRA}",
      journal = {arXiv e-prints},
         year = 2024,
        month = sep,
          eid = {arXiv:2409.13226},
          doi = {10.48550/arXiv.2409.13226},
archivePrefix = {arXiv},
       eprint = {2409.13226},
 primaryClass = {hep-ex},
       adsurl = {https://ui.adsabs.harvard.edu/abs/2024arXiv240913226C},
      adsnote = {Provided by the SAO/NASA Astrophysics Data System}
}

@article{DMIce2017,
  title = {First search for a dark matter annual modulation signal with NaI(Tl) in the Southern Hemisphere by DM-Ice17},
  author = {Barbosa de Souza, E. and Cherwinka, J. and Cole, A. and Ezeribe, A. C. and Grant, D. and Halzen, F. and Heeger, K. M. and Hsu, L. and Hubbard, A. J. F. and Jo, J. H. and Karle, A. and Kauer, M. and Kudryavtsev, V. A. and Lim, K. E. and Macdonald, C. and Maruyama, R. H. and Mouton, F. and Paling, S. M. and Pettus, W. and Pierpoint, Z. P. and Reilly, B. N. and Robinson, M. and Rogers, F. R. and Sandstrom, P. and Scarff, A. and Spooner, N. J. C. and Telfer, S. and Yang, L.},
  collaboration = {DM-Ice Collaboration},
  journal = {\prd},
  volume = {95},
  number = {3},
  eid = {032006},
  numpages = {6},
  year = {2017},
  month = {Feb},
  publisher = {American Physical Society},
  doi = {10.1103/PhysRevD.95.032006},
  url = {https://link.aps.org/doi/10.1103/PhysRevD.95.032006},
  archivePrefix = {arXiv},
  eprint = {1602.05939},
  primaryClass = {physics.ins-det}
}

@ARTICLE{KIMS2019,
       author = {{Kim}, K.~W. and {Adhikari}, G. and {Adhikari}, P. and {Choi}, S. and {Ha}, C. and {Hahn}, I.~S. and {Jeon}, E.~J. and {Joo}, H.~W. and {Kang}, W.~G. and {Kim}, H.~J. and {Kim}, N.~Y. and {Kim}, S.~K. and {Kim}, Y.~D. and {Kim}, Y.~H. and {Ko}, Y.~J. and {Lee}, H.~S. and {Lee}, J.~S. and {Lee}, J.~Y. and {Lee}, M.~H. and {Leonard}, D.~S. and {Olsen}, S.~L. and {Park}, B.~J. and {Park}, H.~K. and {Park}, H.~S. and {Park}, K.~S.},
collaboration = {KIMS Collaboration},
        title = "{Limits on interactions between weakly interacting massive particles and nucleons obtained with NaI(Tl) crystal detectors}",
      journal = {\jhep},
     keywords = {Dark matter, Dark Matter and Double Beta Decay (experiments), High Energy Physics - Experiment, Physics - Instrumentation and Detectors},
         year = 2019,
        month = mar,
       volume = {2019},
       number = {3},
          eid = {194},
          doi = {10.1007/JHEP03(2019)194},
archivePrefix = {arXiv},
       eprint = {1806.06499},
 primaryClass = {hep-ex},
       adsurl = {https://ui.adsabs.harvard.edu/abs/2019JHEP...03..194K},
      adsnote = {Provided by the SAO/NASA Astrophysics Data System}
}

@ARTICLE{ANAIS2024,
       author = {{Coarasa}, Iv{\'a}n and {Amar{\'e}}, Julio and {Apilluelo}, Jaime and {Cebri{\'a}n}, Susana and {Cintas}, David and {Garc{\'\i}a}, Eduardo and {Mart{\'\i}nez}, Mar{\'\i}a and {{\'A}ngel Oliv{\'a}n}, Miguel and {Ortigoza}, Ysrael and {Ortiz de Sol{\'o}rzano}, Alfonso and {Pardo}, Tamara and {Puimed{\'o}n}, Jorge and {Salinas}, Ana and {Sarsa}, Mar{\'\i}a Luisa and {Villar}, Patricia},
collaboration = {ANAIS Collaboration},
        title = "{ANAIS-112 three years data: a sensitive model independent negative test of the DAMA/LIBRA dark matter signal}",
      journal = {\cp},
         year = 2024,
        month = oct,
       volume = {7},
       number = {1},
          eid = {arXiv:2404.17348},
        pages = {345},
          doi = {10.1038/s42005-024-01827-y},
         issn = {2399-3650},
archivePrefix = {arXiv},
       eprint = {2404.17348},
 primaryClass = {astro-ph.IM},
       adsurl = {https://ui.adsabs.harvard.edu/abs/2024arXiv240417348C},
      adsnote = {Provided by the SAO/NASA Astrophysics Data System}
}

@article{SavageEtAl2009,
    doi = {10.1088/1475-7516/2009/04/010},
    url = {https://dx.doi.org/10.1088/1475-7516/2009/04/010},
    year = {2009},
    month = {apr},
    volume = {2009},
    number = {04},
    eid = {010},
    author = {C. Savage and  G. Gelmini and  P. Gondolo and  K. Freese},
    title = {Compatibility of DAMA/LIBRA dark matter detection with other searches},
    journal = {\jcap},
    archivePrefix = {arXiv},
    eprint = {0808.3607},
    primaryClass = {astro-ph}
}

@article{MessinaNardecchiaPiacentini2020,
    doi = {10.1088/1475-7516/2020/04/037},
    url = {https://dx.doi.org/10.1088/1475-7516/2020/04/037},
    year = {2020},
    month = {apr},
    volume = {2020},
    number = {04},
    eid = {037},
    author = {Andrea Messina and Marco Nardecchia and Stefano Piacentini},
    title = {Annual modulations from secular variations: not relaxing DAMA?},
    journal = {\jcap},
    archivePrefix = {arXiv},
    eprint = {2003.03340},
    primaryClass = {hep-ex}
}

@ARTICLE{COSINE1002024b,
       author = {{James}, R.~S. and {Rule}, K. and {Barberio}, E. and {Bashu}, V.~U. and {Bignell}, L.~J. and {Bolognino}, I. and {Brooks}, G. and {Chhun}, S.~S. and {Dastgiri}, F. and {Duffy}, A.~R. and {Froehlich}, M. and {Fruth}, T.~M.~A. and {Fu}, G. and {Hill}, G.~C. and {Janssens}, K. and {Kapoor}, S. and {Lane}, G.~J. and {Leaver}, K.~T. and {McGee}, P. and {McKie}, L.~J. and {McNamara}, P.~C. and {McKenzie}, J. and {Melbourne}, W.~J.~D. and {Mews}, M. and {Milligan}, L.~J. and {Mould}, J. and {Nuti}, F. and {Scutti}, F. and {Slavkovska}, Z. and {Spinks}, N.~J. and {Stanley}, O. and {Stuchbery}, A.~E. and {Suerfu}, B. and {Taylor}, G.~N. and {Urquijo}, P. and {Williams}, A.~G. and {Xing}, Y. and {Zhong}, Y.~Y. and {Zurowski}, M.~J.},
collaboration = {COSINE-100 Collaboration},
        title = "{The DAMA/LIBRA signal: an induced modulation effect?}",
      journal = {arXiv e-prints},
         year = 2024,
        month = aug,
          eid = {arXiv:2408.08697},
          doi = {10.48550/arXiv.2408.08697},
archivePrefix = {arXiv},
       eprint = {2408.08697},
 primaryClass = {hep-ex},
       adsurl = {https://ui.adsabs.harvard.edu/abs/2024arXiv240808697J},
      adsnote = {Provided by the SAO/NASA Astrophysics Data System}
}

@article{SofueEtAl1999,
    doi = {10.1086/307731},
    url = {https://dx.doi.org/10.1086/307731},
    year = {1999},
    month = {sep},
    volume = {523},
    number = {1},
    pages = {136},
    author = {Y. Sofue and Y. Tutui and M. Honma and A. Tomita and T. Takamiya and J. Koda and Y. Takeda},
    title = {Central Rotation Curves of Spiral Galaxies},
    journal = {\apj},
    archivePrefix = {arXiv},
    eprint = {astro-ph/9905056},
    primaryClass = {astro-ph}
}

@article{LelliMcGaughSchombert2016,
    doi = {10.3847/0004-6256/152/6/157},
    url = {https://dx.doi.org/10.3847/0004-6256/152/6/157},
    year = {2016},
    month = {nov},
    publisher = {The American Astronomical Society},
    volume = {152},
    number = {6},
    eid = {157},
    author = {Federico Lelli and Stacy S. McGaugh and James M. Schombert},
    title = {SPARC: Mass Models for 175 Disk Galaxies with Spitzer Photometry and Accurate Rotation Curves},
    journal = {\aj},
    archivePrefix = {arXiv},
    eprint = {1606.09251},
    primaryClass = {astro-ph.GA}
}

@article{PortailEtAl2016,
    author = {Portail, Matthieu and Gerhard, Ortwin and Wegg, Christopher and Ness, Melissa},
    title = "{Dynamical modelling of the galactic bulge and bar: the Milky Way's pattern speed, stellar and dark matter mass distribution}",
    journal = {\mnras},
    volume = {465},
    number = {2},
    pages = {1621--1644},
    year = {2016},
    month = {11},
    issn = {0035-8711},
    doi = {10.1093/mnras/stw2819},
    url = {https://doi.org/10.1093/mnras/stw2819},
    archivePrefix = {arXiv},
    eprint = {1608.07954},
    primaryClass = {astro-ph.GA}
}

@article{LabiniEtAl2023,
    doi = {10.3847/1538-4357/acb92c},
    url = {https://dx.doi.org/10.3847/1538-4357/acb92c},
    year = {2023},
    month = {mar},
    publisher = {The American Astronomical Society},
    volume = {945},
    number = {1},
    eid = {3},
    author = {Francesco Sylos Labini and Žofia Chrobáková and Roberto Capuzzo-Dolcetta and Martín López-Corredoira},
    title = {Mass Models of the Milky Way and Estimation of Its Mass from the Gaia DR3 Data Set},
    journal = {\apj},
    archivePrefix = {arXiv},
    eprint = {2302.01379},
    primaryClass = {astro-ph.GA}
}

@article{StadelEtAl2009,
    author = {Stadel, J. and Potter, D. and Moore, B. and Diemand, J. and Madau, P. and Zemp, M. and Kuhlen, M. and Quilis, V.},
    title = "{Quantifying the heart of darkness with GHALO – a multibillion particle simulation of a galactic halo}",
    journal = {\mnrasl},
    volume = {398},
    number = {1},
    pages = {L21--L25},
    year = {2009},
    month = {09},
    doi = {10.1111/j.1745-3933.2009.00699.x},
    url = {https://doi.org/10.1111/j.1745-3933.2009.00699.x},
    archivePrefix = {arXiv},
    eprint = {0808.2981},
    primaryClass = {astro-ph}
}

@ARTICLE{DiemandEtAl2008,
       author = {{Diemand}, J. and {Kuhlen}, M. and {Madau}, P. and {Zemp}, M. and {Moore}, B. and {Potter}, D. and {Stadel}, J.},
        title = "{Clumps and streams in the local dark matter distribution}",
      journal = {\nat},
         year = 2008,
        month = aug,
       volume = {454},
       number = {7205},
        pages = {735--738},
          doi = {10.1038/nature07153},
archivePrefix = {arXiv},
       eprint = {0805.1244},
 primaryClass = {astro-ph},
       adsurl = {https://ui.adsabs.harvard.edu/abs/2008Natur.454..735D},
      adsnote = {Provided by the SAO/NASA Astrophysics Data System}
}

@article{vandenBoschOgiya2018,
    author = {van den Bosch, Frank C and Ogiya, Go},
    title = "{Dark matter substructure in numerical simulations: a tale of discreteness noise, runaway instabilities, and artificial disruption}",
    journal = {\mnras},
    volume = {475},
    number = {3},
    pages = {4066--4087},
    year = {2018},
    month = {01},
    issn = {0035-8711},
    doi = {10.1093/mnras/sty084},
    url = {https://doi.org/10.1093/mnras/sty084},
    archivePrefix = {arXiv},
    eprint = {1801.05427},
    primaryClass = {astro-ph.GA}
}

@article{SpringelEtAl2008,
    author = {Springel, V. and Wang, J. and Vogelsberger, M. and Ludlow, A. and Jenkins, A. and Helmi, A. and Navarro, J. F. and Frenk, C. S. and White, S. D. M.},
    title = "{The Aquarius Project: the subhaloes of galactic haloes}",
    journal = {\mnras},
    volume = {391},
    number = {4},
    pages = {1685--1711},
    year = {2008},
    month = {12},
    issn = {0035-8711},
    doi = {10.1111/j.1365-2966.2008.14066.x},
    url = {https://doi.org/10.1111/j.1365-2966.2008.14066.x},
    archivePrefix = {arXiv},
    eprint = {0809.0898},
    primaryClass = {astro-ph}
}

@article{KlypinEtAl2016,
    author = {Klypin, Anatoly and Yepes, Gustavo and Gottlöber, Stefan and Prada, Francisco and Heß, Steffen},
    title = "{MultiDark simulations: the story of dark matter halo concentrations and density profiles}",
    journal = {\mnras},
    volume = {457},
    number = {4},
    pages = {4340--4359},
    year = {2016},
    month = {02},
    issn = {0035-8711},
    doi = {10.1093/mnras/stw248},
    url = {https://doi.org/10.1093/mnras/stw248},
    archivePrefix = {arXiv},
    eprint = {1411.4001},
    primaryClass = {astro-ph.CO}
}

@article{VogelsbergerEtAl2014,
    author = {Vogelsberger, Mark and Genel, Shy and Springel, Volker and Torrey, Paul and Sijacki, Debora and Xu, Dandan and Snyder, Greg and Nelson, Dylan and Hernquist, Lars},
    title = "{Introducing the Illustris Project: simulating the coevolution of dark and visible matter in the Universe}",
    journal = {\mnras},
    volume = {444},
    number = {2},
    pages = {1518--1547},
    year = {2014},
    month = {08},
    issn = {0035-8711},
    doi = {10.1093/mnras/stu1536},
    url = {https://doi.org/10.1093/mnras/stu1536},
    archivePrefix = {arXiv},
    eprint = {1405.2921},
    primaryClass = {astro-ph.CO}
}

@article{WangEtAl2015,
    author = {Wang, Liang and Dutton, Aaron A. and Stinson, Gregory S. and Macciò, Andrea V. and Penzo, Camilla and Kang, Xi and Keller, Ben W. and Wadsley, James},
    title = "{NIHAO project – I. Reproducing the inefficiency of galaxy formation across cosmic time with a large sample of cosmological hydrodynamical simulations}",
    journal = {\mnras},
    volume = {454},
    number = {1},
    pages = {83--94},
    year = {2015},
    month = {09},
    issn = {0035-8711},
    doi = {10.1093/mnras/stv1937},
    url = {https://doi.org/10.1093/mnras/stv1937},
    archivePrefix = {arXiv},
    eprint = {1503.04818},
    primaryClass = {astro-ph.GA}
}

@article{SpringelEtAl2017,
    author = {Springel, Volker and Pakmor, Rüdiger and Pillepich, Annalisa and Weinberger, Rainer and Nelson, Dylan and Hernquist, Lars and Vogelsberger, Mark and Genel, Shy and Torrey, Paul and Marinacci, Federico and Naiman, Jill},
    title = "{First results from the IllustrisTNG simulations: matter and galaxy clustering}",
    journal = {\mnras},
    volume = {475},
    number = {1},
    pages = {676--698},
    year = {2017},
    month = {12},
    issn = {0035-8711},
    doi = {10.1093/mnras/stx3304},
    url = {https://doi.org/10.1093/mnras/stx3304},
    archivePrefix = {arXiv},
    eprint = {1707.03397},
    primaryClass = {astro-ph.GA}
}

@article{TulinYu2018,
    title = {Dark matter self-interactions and small scale structure},
    journal = {\physrep},
    volume = {730},
    pages = {1--57},
    month = {feb},
    year = {2018},
    note = {Dark matter self-interactions and small scale structure},
    issn = {0370-1573},
    doi = {10.1016/j.physrep.2017.11.004},
    url = {https://www.sciencedirect.com/science/article/pii/S0370157317304039},
    author = {Sean Tulin and Hai-Bo Yu},
    archivePrefix = {arXiv},
    eprint = {1705.02358},
    primaryClass = {hep-ph}
}

@article{Wilks1938,
    author = {S. S. Wilks},
    title = {{The Large-Sample Distribution of the Likelihood Ratio for Testing Composite Hypotheses}},
    volume = {9},
    journal = {\annmatstat},
    number = {1},
    publisher = {Institute of Mathematical Statistics},
    pages = {60--62},
    month = {mar},
    year = {1938},
    doi = {10.1214/aoms/1177732360},
    URL = {https://doi.org/10.1214/aoms/1177732360}
}

@article{DEAP2016,
    title = {DEAP-3600 Dark Matter Search},
    journal = {\nppp},
    volume = {273--275},
    pages = {340--346},
    month = {may},
    year = {2016},
    note = {37th International Conference on High Energy Physics (ICHEP)},
    issn = {2405-6014},
    doi = {10.1016/j.nuclphysbps.2015.09.048},
    url = {https://www.sciencedirect.com/science/article/pii/S2405601415005374},
    author = {M. Kuźniak and P.-A. Amaudruz and M. Batygov and B. Beltran and J. Bonatt and M.G. Boulay and B. Broerman and J.F. Bueno and A. Butcher and B. Cai and M. Chen and R. Chouinard and B.T. Cleveland and K. Dering and J. DiGioseffo and F. Duncan and T. Flower and R. Ford and P. Giampa and P. Gorel and K. Graham and D.R. Grant and E. Guliyev and A.L. Hallin and M. Hamstra and P. Harvey and C.J. Jillings and I. Lawson and O. Li and P. Liimatainen and P. Majewski and A.B. McDonald and T. McElroy and K. McFarlane and J. Monroe and A. Muir and C. Nantais and C. Ng and A.J. Noble and C. Ouellet and K. Palladino and P. Pasuthip and S.J.M. Peeters and T. Pollmann and W. Rau and F. Retière and N. Seeburn and K. Singhrao and P. Skensved and B. Smith and T. Sonley and J. Tang and E. Vázquez-Jáuregui and L. Veloce and J. Walding and M. Ward},
    collaboration = {DEAP Collaboration},
    archivePrefix = {arXiv},
    eprint = {1410.7673},
    primaryClass = {physics.ins-det}
}

@article{PICO2016,
    title = {Dark matter search results from the PICO-60 ${\mathrm{CF}}_{3}\mathrm{I}$ bubble chamber},
    author = {Amole, C. and Ardid, M. and Asner, D. M. and Baxter, D. and Behnke, E. and Bhattacharjee, P. and Borsodi, H. and Bou-Cabo, M. and Brice, S. J. and Broemmelsiek, D. and Clark, K. and Collar, J. I. and Cooper, P. S. and Crisler, M. and Dahl, C. E. and Daley, S. and Das, M. and Debris, F. and Dhungana, N. and Fallows, S. and Farine, J. and Felis, I. and Filgas, R. and Girard, F. and Giroux, G. and Grandison, A. and Hai, M. and Hall, J. and Harris, O. and Jin, M. and Krauss, C. B. and Lafreni\`ere, M. and Laurin, M. and Lawson, I. and Levine, I. and Lippincott, W. H. and Mann, E. and Maurya, D. and Mitra, P. and Neilson, R. and Noble, A. J. and Plante, A. and Podviianiuk, R. B. and Priya, S. and Ramberg, E. and Robinson, A. E. and Rucinski, R. and Ruschman, M. and Scallon, O. and Seth, S. and Simon, P. and Sonnenschein, A. and \ifmmode \check{S}\else \v{S}\fi{}tekl, I. and V\'azquez-J\'auregui, E. and Wells, J. and Wichoski, U. and Zacek, V. and Zhang, J. and Shkrob, I. A.},
    collaboration = {PICO Collaboration},
    journal = {\prd},
    volume = {93},
    number = {5},
    eid = {052014},
    numpages = {14},
    year = {2016},
    month = {Mar},
    publisher = {American Physical Society},
    doi = {10.1103/PhysRevD.93.052014},
    url = {https://link.aps.org/doi/10.1103/PhysRevD.93.052014},
    archivePrefix = {arXiv},
    eprint = {1510.07754},
    primaryClass = {hep-ex},
}

@article{SuperCDMS2017,
    title = {Projected sensitivity of the SuperCDMS SNOLAB experiment},
    author = {Agnese, R. and Anderson, A. J. and Aramaki, T. and Arnquist, I. and Baker, W. and Barker, D. and Basu Thakur, R. and Bauer, D. A. and Borgland, A. and Bowles, M. A. and Brink, P. L. and Bunker, R. and Cabrera, B. and Caldwell, D. O. and Calkins, R. and Cartaro, C. and Cerde\~no, D. G. and Chagani, H. and Chen, Y. and Cooley, J. and Cornell, B. and Cushman, P. and Daal, M. and Di Stefano, P. C. F. and Doughty, T. and Esteban, L. and Fallows, S. and Figueroa-Feliciano, E. and Fritts, M. and Gerbier, G. and Ghaith, M. and Godfrey, G. L. and Golwala, S. R. and Hall, J. and Harris, H. R. and Hofer, T. and Holmgren, D. and Hong, Z. and Hoppe, E. and Hsu, L. and Huber, M. E. and Iyer, V. and Jardin, D. and Jastram, A. and Kelsey, M. H. and Kennedy, A. and Kubik, A. and Kurinsky, N. A. and Leder, A. and Loer, B. and Lopez Asamar, E. and Lukens, P. and Mahapatra, R. and Mandic, V. and Mast, N. and Mirabolfathi, N. and Moffatt, R. A. and Morales Mendoza, J. D. and Orrell, J. L. and Oser, S. M. and Page, K. and Page, W. A. and Partridge, R. and Pepin, M. and Phipps, A. and Poudel, S. and Pyle, M. and Qiu, H. and Rau, W. and Redl, P. and Reisetter, A. and Roberts, A. and Robinson, A. E. and Rogers, H. E. and Saab, T. and Sadoulet, B. and Sander, J. and Schneck, K. and Schnee, R. W. and Serfass, B. and Speller, D. and Stein, M. and Street, J. and Tanaka, H. A. and Toback, D. and Underwood, R. and Villano, A. N. and von Krosigk, B. and Welliver, B. and Wilson, J. S. and Wright, D. H. and Yellin, S. and Yen, J. J. and Young, B. A. and Zhang, X. and Zhao, X.},
    collaboration = {SuperCDMS Collaboration},
    journal = {\prd},
    volume = {95},
    number = {8},
    eid = {082002},
    numpages = {17},
    year = {2017},
    month = {Apr},
    publisher = {American Physical Society},
    doi = {10.1103/PhysRevD.95.082002},
    url = {https://link.aps.org/doi/10.1103/PhysRevD.95.082002},
    archivePrefix = {arXiv},
    eprint = {1610.00006},
    primaryClass = {physics.ins-det},
}

@ARTICLE{BaxterEtAl2021,
       author = {{Baxter}, D. and {Bloch}, I.~M. and {Bodnia}, E. and {Chen}, X. and {Conrad}, J. and {Di Gangi}, P. and {Dobson}, J.~E.~Y. and {Durnford}, D. and {Haselschwardt}, S.~J. and {Kaboth}, A. and {Lang}, R.~F. and {Lin}, Q. and {Lippincott}, W.~H. and {Liu}, J. and {Manalaysay}, A. and {McCabe}, C. and {Mor{\^a}}, K.~D. and {Naim}, D. and {Neilson}, R. and {Olcina}, I. and {Piro}, M. -C. and {Selvi}, M. and {von Krosigk}, B. and {Westerdale}, S. and {Yang}, Y. and {Zhou}, N.},
        title = "{Recommended conventions for reporting results from direct dark matter searches}",
      journal = {\epjc},
         year = 2021,
        month = oct,
       volume = {81},
       number = {10},
          eid = {907},
          doi = {10.1140/epjc/s10052-021-09655-y},
archivePrefix = {arXiv},
       eprint = {2105.00599},
 primaryClass = {hep-ex},
       adsurl = {https://ui.adsabs.harvard.edu/abs/2021EPJC...81..907B},
      adsnote = {Provided by the SAO/NASA Astrophysics Data System}
}

@ARTICLE{CowanEtAl2011,
       author = {{Cowan}, Glen and {Cranmer}, Kyle and {Gross}, Eilam and {Vitells}, Ofer},
        title = "{Asymptotic formulae for likelihood-based tests of new physics}",
      journal = {\epjc},
         year = 2011,
        month = feb,
       volume = {71},
       number = {2},
          eid = {1554},
          doi = {10.1140/epjc/s10052-011-1554-0},
archivePrefix = {arXiv},
       eprint = {1007.1727},
 primaryClass = {physics.data-an},
       adsurl = {https://ui.adsabs.harvard.edu/abs/2011EPJC...71.1554C},
      adsnote = {Provided by the SAO/NASA Astrophysics Data System}
}

@article{XENON2019b,
    title = {XENON1T dark matter data analysis: Signal and background models and statistical inference},
    author = {Aprile, E. and Aalbers, J. and Agostini, F. and Alfonsi, M. and Althueser, L. and Amaro, F. D. and Antochi, V. C. and Arneodo, F. and Baudis, L. and Bauermeister, B. and Benabderrahmane, M. L. and Berger, T. and Breur, P. A. and Brown, A. and Brown, E. and Bruenner, S. and Bruno, G. and Budnik, R. and Capelli, C. and Cardoso, J. M. R. and Cichon, D. and Coderre, D. and Colijn, A. P. and Conrad, J. and Cussonneau, J. P. and Decowski, M. P. and de Perio, P. and Di Gangi, P. and Di Giovanni, A. and Diglio, S. and Elykov, A. and Eurin, G. and Fei, J. and Ferella, A. D. and Fieguth, A. and Fulgione, W. and Gallo Rosso, A. and Galloway, M. and Gao, F. and Garbini, M. and Grandi, L. and Greene, Z. and Hasterok, C. and Hogenbirk, E. and Howlett, J. and Iacovacci, M. and Itay, R. and Joerg, F. and Kazama, S. and Kish, A. and Koltman, G. and Kopec, A. and Landsman, H. and Lang, R. F. and Levinson, L. and Lin, Q. and Lindemann, S. and Lindner, M. and Lombardi, F. and Lopes, J. A. M. and L\'opez Fune, E. and Macolino, C. and Mahlstedt, J. and Manfredini, A. and Marignetti, F. and Marrod\'an Undagoitia, T. and Masbou, J. and Masson, D. and Mastroianni, S. and Messina, M. and Micheneau, K. and Miller, K. and Molinario, A. and Mor\aa{}, K. and Mosbacher, Y. and Murra, M. and Naganoma, J. and Ni, K. and Oberlack, U. and Odgers, K. and Pelssers, B. and Peres, R. and Piastra, F. and Pienaar, J. and Pizzella, V. and Plante, G. and Podviianiuk, R. and Qiu, H. and Ram\'{\i}rez Garc\'{\i}a, D. and Reichard, S. and Riedel, B. and Rizzo, A. and Rocchetti, A. and Rupp, N. and dos Santos, J. M. F. and Sartorelli, G. and \ifmmode \check{S}\else \v{S}\fi{}ar\ifmmode \check{c}\else \v{c}\fi{}evi\ifmmode \acute{c}\else \'{c}\fi{}, N. and Scheibelhut, M. and Schindler, S. and Schreiner, J. and Schulte, D. and Schumann, M. and Scotto Lavina, L. and Selvi, M. and Shagin, P. and Shockley, E. and Silva, M. and Simgen, H. and Therreau, C. and Thers, D. and Toschi, F. and Trinchero, G. and Tunnell, C. and Upole, N. and Vargas, M. and Wack, O. and Wang, H. and Wang, Z. and Wei, Y. and Weinheimer, C. and Wenz, D. and Wittweg, C. and Wulf, J. and Ye, J. and Zhang, Y. and Zhu, T. and Zopounidis, J. P.},
    collaboration = {XENON Collaboration},
    journal = {\prd},
    volume = {99},
    number = {11},
    eid = {112009},
    numpages = {18},
    year = {2019},
    month = {Jun},
    publisher = {American Physical Society},
    doi = {10.1103/PhysRevD.99.112009},
    url = {https://link.aps.org/doi/10.1103/PhysRevD.99.112009},
    archivePrefix = {arXiv},
    eprint = {1902.11297},
    primaryClass = {physics.ins-det}
}

@article{Wald1943,
  title = {Tests of statistical hypotheses concerning several parameters when the number of observations is large},
  author = {Wald, Abraham},
  journal = {\tams},
  volume = {54},
  number = {3},
  pages = {426--482},
  month = {nov},
  year = {1943},
  publisher = {American Mathetical Society},
  doi = {10.1090/S0002-9947-1943-0012401-3},
  url = {https://www.ams.org/journals/tran/1943-054-03/S0002-9947-1943-0012401-3/}
}