@article{PhysRevLett.130.101001,
    title = {Search for Dark-Matter--Nucleon Interactions via Migdal Effect with DarkSide-50},
    author = {Agnes, P. and Albuquerque, I. F. M. and Alexander, T. and Alton, A. K. and Ave, M. and Back, H. O. and Batignani, G. and Biery, K. and Bocci, V. and Bonivento, W. M. and Bottino, B. and Bussino, S. and Cadeddu, M. and Cadoni, M. and Calaprice, F. and Caminata, A. and Campos, M. D. and Canci, N. and Caravati, M. and Cargioli, N. and Cariello, M. and Carlini, M. and Cataudella, V. and Cavalcante, P. and Cavuoti, S. and Chashin, S. and Chepurnov, A. and Cical\o, C. and Covone, G. and D'Angelo, D. and Davini, S. and De Candia, A. and De Cecco, S. and De Filippis, G. and De Rosa, G. and Derbin, A. V. and Devoto, A. and D'Incecco, M. and Dionisi, C. and Dordei, F. and Downing, M. and D'Urso, D. and Fairbairn, M. and Fiorillo, G. and Franco, D. and Gabriele, F. and Galbiati, C. and Ghiano, C. and Giganti, C. and Giovanetti, G. K. and Goretti, A. M. and Grilli di Cortona, G. and Grobov, A. and Gromov, M. and Guan, M. and Gulino, M. and Hackett, B. R. and Herner, K. and Hessel, T. and Hosseini, B. and Hubaut, F. and Hungerford, E. V. and Ianni, An. and Ippolito, V. and Keeter, K. and Kendziora, C. L. and Kimura, M. and Kochanek, I. and Korablev, D. and Korga, G. and Kubankin, A. and Kuss, M. and La Commara, M. and Lai, M. and Li, X. and Lissia, M. and Longo, G. and Lychagina, O. and Machulin, I. N. and Mapelli, L. P. and Mari, S. M. and Maricic, J. and Messina, A. and Milincic, R. and Monroe, J. and Morrocchi, M. and Mougeot, X. and Muratova, V. N. and Musico, P. and Nozdrina, A. O. and Oleinik, A. and Ortica, F. and Pagani, L. and Pallavicini, M. and Pandola, L. and Pantic, E. and Paoloni, E. and Pelczar, K. and Pelliccia, N. and Piacentini, S. and Pocar, A. and Poehlmann, D. M. and Pordes, S. and Poudel, S. S. and Pralavorio, P. and Price, D. D. and Ragusa, F. and Razeti, M. and Razeto, A. and Renshaw, A. L. and Rescigno, M. and Rode, J. and Romani, A. and Sablone, D. and Samoylov, O. and Sandford, E. and Sands, W. and Sanfilippo, S. and Savarese, C. and Schlitzer, B. and Semenov, D. A. and Shchagin, A. and Sheshukov, A. and Skorokhvatov, M. D. and Smirnov, O. and Sotnikov, A. and Stracka, S. and Suvorov, Y. and Tartaglia, R. and Testera, G. and Tonazzo, A. and Unzhakov, E. V. and Vishneva, A. and Vogelaar, R. B. and Wada, M. and Wang, H. and Wang, Y. and Westerdale, S. and Wojcik, M. M. and Xiao, X. and Yang, C. and Zuzel, G.},
    collaboration = {DarkSide Collaboration},
    journal = {Phys. Rev. Lett.},
    volume = {130},
    issue = {10},
    pages = {101001},
    numpages = {7},
    year = {2023},
    month = {Mar},
    publisher = {American Physical Society},
    doi = {10.1103/PhysRevLett.130.101001},
    url = {https://link.aps.org/doi/10.1103/PhysRevLett.130.101001},
}

@article{PhysRevLett.130.101001,
    title = {Search for Dark-Matter--Nucleon Interactions via Migdal Effect with DarkSide-50},
    author = {Agnes, P. and Albuquerque, I. F. M. and Alexander, T. and Alton, A. K. and Ave, M. and Back, H. O. and Batignani, G. and Biery, K. and Bocci, V. and Bonivento, W. M. and Bottino, B. and Bussino, S. and Cadeddu, M. and Cadoni, M. and Calaprice, F. and Caminata, A. and Campos, M. D. and Canci, N. and Caravati, M. and Cargioli, N. and Cariello, M. and Carlini, M. and Cataudella, V. and Cavalcante, P. and Cavuoti, S. and Chashin, S. and Chepurnov, A. and Cical\o, C. and Covone, G. and D'Angelo, D. and Davini, S. and De Candia, A. and De Cecco, S. and De Filippis, G. and De Rosa, G. and Derbin, A. V. and Devoto, A. and D'Incecco, M. and Dionisi, C. and Dordei, F. and Downing, M. and D'Urso, D. and Fairbairn, M. and Fiorillo, G. and Franco, D. and Gabriele, F. and Galbiati, C. and Ghiano, C. and Giganti, C. and Giovanetti, G. K. and Goretti, A. M. and Grilli di Cortona, G. and Grobov, A. and Gromov, M. and Guan, M. and Gulino, M. and Hackett, B. R. and Herner, K. and Hessel, T. and Hosseini, B. and Hubaut, F. and Hungerford, E. V. and Ianni, An. and Ippolito, V. and Keeter, K. and Kendziora, C. L. and Kimura, M. and Kochanek, I. and Korablev, D. and Korga, G. and Kubankin, A. and Kuss, M. and La Commara, M. and Lai, M. and Li, X. and Lissia, M. and Longo, G. and Lychagina, O. and Machulin, I. N. and Mapelli, L. P. and Mari, S. M. and Maricic, J. and Messina, A. and Milincic, R. and Monroe, J. and Morrocchi, M. and Mougeot, X. and Muratova, V. N. and Musico, P. and Nozdrina, A. O. and Oleinik, A. and Ortica, F. and Pagani, L. and Pallavicini, M. and Pandola, L. and Pantic, E. and Paoloni, E. and Pelczar, K. and Pelliccia, N. and Piacentini, S. and Pocar, A. and Poehlmann, D. M. and Pordes, S. and Poudel, S. S. and Pralavorio, P. and Price, D. D. and Ragusa, F. and Razeti, M. and Razeto, A. and Renshaw, A. L. and Rescigno, M. and Rode, J. and Romani, A. and Sablone, D. and Samoylov, O. and Sandford, E. and Sands, W. and Sanfilippo, S. and Savarese, C. and Schlitzer, B. and Semenov, D. A. and Shchagin, A. and Sheshukov, A. and Skorokhvatov, M. D. and Smirnov, O. and Sotnikov, A. and Stracka, S. and Suvorov, Y. and Tartaglia, R. and Testera, G. and Tonazzo, A. and Unzhakov, E. V. and Vishneva, A. and Vogelaar, R. B. and Wada, M. and Wang, H. and Wang, Y. and Westerdale, S. and Wojcik, M. M. and Xiao, X. and Yang, C. and Zuzel, G.},
    collaboration = {DarkSide Collaboration},
    journal = {Phys. Rev. Lett.},
    volume = {130},
    issue = {10},
    pages = {101001},
    numpages = {7},
    year = {2023},
    month = {Mar},
    publisher = {American Physical Society},
    doi = {10.1103/PhysRevLett.130.101001},
    url = {https://link.aps.org/doi/10.1103/PhysRevLett.130.101001},
}

@article{PhysRevLett.130.101001,
    title = {Search for Dark-Matter--Nucleon Interactions via Migdal Effect with DarkSide-50},
    author = {Agnes, P. and Albuquerque, I. F. M. and Alexander, T. and Alton, A. K. and Ave, M. and Back, H. O. and Batignani, G. and Biery, K. and Bocci, V. and Bonivento, W. M. and Bottino, B. and Bussino, S. and Cadeddu, M. and Cadoni, M. and Calaprice, F. and Caminata, A. and Campos, M. D. and Canci, N. and Caravati, M. and Cargioli, N. and Cariello, M. and Carlini, M. and Cataudella, V. and Cavalcante, P. and Cavuoti, S. and Chashin, S. and Chepurnov, A. and Cical\o, C. and Covone, G. and D'Angelo, D. and Davini, S. and De Candia, A. and De Cecco, S. and De Filippis, G. and De Rosa, G. and Derbin, A. V. and Devoto, A. and D'Incecco, M. and Dionisi, C. and Dordei, F. and Downing, M. and D'Urso, D. and Fairbairn, M. and Fiorillo, G. and Franco, D. and Gabriele, F. and Galbiati, C. and Ghiano, C. and Giganti, C. and Giovanetti, G. K. and Goretti, A. M. and Grilli di Cortona, G. and Grobov, A. and Gromov, M. and Guan, M. and Gulino, M. and Hackett, B. R. and Herner, K. and Hessel, T. and Hosseini, B. and Hubaut, F. and Hungerford, E. V. and Ianni, An. and Ippolito, V. and Keeter, K. and Kendziora, C. L. and Kimura, M. and Kochanek, I. and Korablev, D. and Korga, G. and Kubankin, A. and Kuss, M. and La Commara, M. and Lai, M. and Li, X. and Lissia, M. and Longo, G. and Lychagina, O. and Machulin, I. N. and Mapelli, L. P. and Mari, S. M. and Maricic, J. and Messina, A. and Milincic, R. and Monroe, J. and Morrocchi, M. and Mougeot, X. and Muratova, V. N. and Musico, P. and Nozdrina, A. O. and Oleinik, A. and Ortica, F. and Pagani, L. and Pallavicini, M. and Pandola, L. and Pantic, E. and Paoloni, E. and Pelczar, K. and Pelliccia, N. and Piacentini, S. and Pocar, A. and Poehlmann, D. M. and Pordes, S. and Poudel, S. S. and Pralavorio, P. and Price, D. D. and Ragusa, F. and Razeti, M. and Razeto, A. and Renshaw, A. L. and Rescigno, M. and Rode, J. and Romani, A. and Sablone, D. and Samoylov, O. and Sandford, E. and Sands, W. and Sanfilippo, S. and Savarese, C. and Schlitzer, B. and Semenov, D. A. and Shchagin, A. and Sheshukov, A. and Skorokhvatov, M. D. and Smirnov, O. and Sotnikov, A. and Stracka, S. and Suvorov, Y. and Tartaglia, R. and Testera, G. and Tonazzo, A. and Unzhakov, E. V. and Vishneva, A. and Vogelaar, R. B. and Wada, M. and Wang, H. and Wang, Y. and Westerdale, S. and Wojcik, M. M. and Xiao, X. and Yang, C. and Zuzel, G.},
    collaboration = {DarkSide Collaboration},
    journal = {Phys. Rev. Lett.},
    volume = {130},
    issue = {10},
    pages = {101001},
    numpages = {7},
    year = {2023},
    month = {Mar},
    publisher = {American Physical Society},
    doi = {10.1103/PhysRevLett.130.101001},
    url = {https://link.aps.org/doi/10.1103/PhysRevLett.130.101001},
}

@article{PhysRevLett.130.101001,
    title = {Search for Dark-Matter--Nucleon Interactions via Migdal Effect with DarkSide-50},
    author = {Agnes, P. and Albuquerque, I. F. M. and Alexander, T. and Alton, A. K. and Ave, M. and Back, H. O. and Batignani, G. and Biery, K. and Bocci, V. and Bonivento, W. M. and Bottino, B. and Bussino, S. and Cadeddu, M. and Cadoni, M. and Calaprice, F. and Caminata, A. and Campos, M. D. and Canci, N. and Caravati, M. and Cargioli, N. and Cariello, M. and Carlini, M. and Cataudella, V. and Cavalcante, P. and Cavuoti, S. and Chashin, S. and Chepurnov, A. and Cical\o, C. and Covone, G. and D'Angelo, D. and Davini, S. and De Candia, A. and De Cecco, S. and De Filippis, G. and De Rosa, G. and Derbin, A. V. and Devoto, A. and D'Incecco, M. and Dionisi, C. and Dordei, F. and Downing, M. and D'Urso, D. and Fairbairn, M. and Fiorillo, G. and Franco, D. and Gabriele, F. and Galbiati, C. and Ghiano, C. and Giganti, C. and Giovanetti, G. K. and Goretti, A. M. and Grilli di Cortona, G. and Grobov, A. and Gromov, M. and Guan, M. and Gulino, M. and Hackett, B. R. and Herner, K. and Hessel, T. and Hosseini, B. and Hubaut, F. and Hungerford, E. V. and Ianni, An. and Ippolito, V. and Keeter, K. and Kendziora, C. L. and Kimura, M. and Kochanek, I. and Korablev, D. and Korga, G. and Kubankin, A. and Kuss, M. and La Commara, M. and Lai, M. and Li, X. and Lissia, M. and Longo, G. and Lychagina, O. and Machulin, I. N. and Mapelli, L. P. and Mari, S. M. and Maricic, J. and Messina, A. and Milincic, R. and Monroe, J. and Morrocchi, M. and Mougeot, X. and Muratova, V. N. and Musico, P. and Nozdrina, A. O. and Oleinik, A. and Ortica, F. and Pagani, L. and Pallavicini, M. and Pandola, L. and Pantic, E. and Paoloni, E. and Pelczar, K. and Pelliccia, N. and Piacentini, S. and Pocar, A. and Poehlmann, D. M. and Pordes, S. and Poudel, S. S. and Pralavorio, P. and Price, D. D. and Ragusa, F. and Razeti, M. and Razeto, A. and Renshaw, A. L. and Rescigno, M. and Rode, J. and Romani, A. and Sablone, D. and Samoylov, O. and Sandford, E. and Sands, W. and Sanfilippo, S. and Savarese, C. and Schlitzer, B. and Semenov, D. A. and Shchagin, A. and Sheshukov, A. and Skorokhvatov, M. D. and Smirnov, O. and Sotnikov, A. and Stracka, S. and Suvorov, Y. and Tartaglia, R. and Testera, G. and Tonazzo, A. and Unzhakov, E. V. and Vishneva, A. and Vogelaar, R. B. and Wada, M. and Wang, H. and Wang, Y. and Westerdale, S. and Wojcik, M. M. and Xiao, X. and Yang, C. and Zuzel, G.},
    collaboration = {DarkSide Collaboration},
    journal = {Phys. Rev. Lett.},
    volume = {130},
    issue = {10},
    pages = {101001},
    numpages = {7},
    year = {2023},
    month = {Mar},
    publisher = {American Physical Society},
    doi = {10.1103/PhysRevLett.130.101001},
    url = {https://link.aps.org/doi/10.1103/PhysRevLett.130.101001},
}

@article{PhysRevLett.131.041003,
    title = {First Dark Matter Search with Nuclear Recoils from the XENONnT Experiment},
    author = {{Aprile}, E. and {Abe}, K. and {Agostini}, F. and {Ahmed Maouloud}, S. and {Althueser}, L. and {Andrieu}, B. and {Angelino}, E. and {Angevaare}, J.~R. and {Antochi}, V.~C. and {Ant{\'o}n Martin}, D. and {Arneodo}, F. and {Baudis}, L. and {Baxter}, A.~L. and {Bazyk}, M. and {Bellagamba}, L. and {Biondi}, R. and {Bismark}, A. and {Brookes}, E.~J. and {Brown}, A. and {Bruenner}, S. and {Bruno}, G. and {Budnik}, R. and {Bui}, T.~K. and {Cai}, C. and {Cardoso}, J.~M.~R. and {Cichon}, D. and {Cimental Chavez}, A.~P. and {Colijn}, A.~P. and {Conrad}, J. and {Cuenca-Garc{\'\i}a}, J.~J. and {Cussonneau}, J.~P. and {D'Andrea}, V. and {Decowski}, M.~P. and {di Gangi}, P. and {di Pede}, S. and {Diglio}, S. and {Eitel}, K. and {Elykov}, A. and {Farrell}, S. and {Ferella}, A.~D. and {Ferrari}, C. and {Fischer}, H. and {Flierman}, M. and {Fulgione}, W. and {Fuselli}, C. and {Gaemers}, P. and {Gaior}, R. and {Gallo Rosso}, A. and {Galloway}, M. and {Gao}, F. and {Glade-Beucke}, R. and {Grandi}, L. and {Grigat}, J. and {Guan}, H. and {Guida}, M. and {Hammann}, R. and {Higuera}, A. and {Hils}, C. and {Hoetzsch}, L. and {Hood}, N.~F. and {Howlett}, J. and {Iacovacci}, M. and {Itow}, Y. and {Jakob}, J. and {Joerg}, F. and {Joy}, A. and {Kato}, N. and {Kara}, M. and {Kavrigin}, P. and {Kazama}, S. and {Kobayashi}, M. and {Koltman}, G. and {Kopec}, A. and {Kuger}, F. and {Landsman}, H. and {Lang}, R.~F. and {Levinson}, L. and {Li}, I. and {Li}, S. and {Liang}, S. and {Lindemann}, S. and {Lindner}, M. and {Liu}, K. and {Loizeau}, J. and {Lombardi}, F. and {Long}, J. and {Lopes}, J.~A.~M. and {Ma}, Y. and {Macolino}, C. and {Mahlstedt}, J. and {Mancuso}, A. and {Manenti}, L. and {Marignetti}, F. and {Marrod{\'a}n Undagoitia}, T. and {Martens}, K. and {Masbou}, J. and {Masson}, D. and {Masson}, E. and {Mastroianni}, S. and {Messina}, M. and {Miuchi}, K. and {Mizukoshi}, K. and {Molinario}, A. and {Moriyama}, S. and {Mor{\^a}}, K. and {Mosbacher}, Y. and {Murra}, M. and {M{\"u}ller}, J. and {Ni}, K. and {Oberlack}, U. and {Paetsch}, B. and {Palacio}, J. and {Peres}, R. and {Peters}, C. and {Pienaar}, J. and {Pierre}, M. and {Pizzella}, V. and {Plante}, G. and {Qi}, J. and {Qin}, J. and {Ram{\'\i}rez Garc{\'\i}a}, D. and {Singh}, R. and {Sanchez}, L. and {Dos Santos}, J.~M.~F. and {Sarnoff}, I. and {Sartorelli}, G. and {Schreiner}, J. and {Schulte}, D. and {Schulte}, P. and {Schulze Ei{\ss}ing}, H. and {Schumann}, M. and {Scotto Lavina}, L. and {Selvi}, M. and {Semeria}, F. and {Shagin}, P. and {Shi}, S. and {Shockley}, E. and {Silva}, M. and {Simgen}, H. and {Takeda}, A. and {Tan}, P. -L. and {Terliuk}, A. and {Thers}, D. and {Toschi}, F. and {Trinchero}, G. and {Tunnell}, C. and {T{\"o}nnies}, F. and {Valerius}, K. and {Volta}, G. and {Weinheimer}, C. and {Weiss}, M. and {Wenz}, D. and {Wittweg}, C. and {Wolf}, T. and {Wu}, V.~H.~S. and {Xing}, Y. and {Xu}, D. and {Xu}, Z. and {Yamashita}, M. and {Yang}, L. and {Ye}, J. and {Yuan}, L. and {Zavattini}, G. and {Zhong}, M. and {Zhu}, T. and {Xenon Collaboration}},
    journal = {Phys. Rev. Lett.},
    volume = {131},
    number = {4},
    pages = {041003},
    year = {2023},
    month = {jul},
    eid = {041003},
    doi = {10.1103/PhysRevLett.131.041003},
    archivePrefix = {arXiv},
    eprint = {2303.14729},
}

@article{PhysRevLett.123.161301,
    title = {Constraints on Spin-Independent Nucleus Scattering with sub-GeV Weakly Interacting Massive Particle Dark Matter from the CDEX-1B Experiment at the China Jinping Underground Laboratory},
    author = {Liu, Z. Z. and Yue, Q. and Yang, L. T. and Kang, K. J. and Li, Y. J. and Wong, H. T. and Agartioglu, M. and An, H. P. and Chang, J. P. and Chen, J. H. and Chen, Y. H. and Cheng, J. P. and Deng, Z. and Du, Q. and Gong, H. and Guo, X. Y. and Guo, Q. J. and He, L. and He, S. M. and Hu, J. W. and Hu, Q. D. and Huang, H. X. and Jia, L. P. and Jiang, H. and Li, H. B. and Li, H. and Li, J. M. and Li, J. and Li, X. and Li, X. Q. and Li, Y. L. and Liao, B. and Lin, F. K. and Lin, S. T. and Liu, S. K. and Liu, Y. D. and Liu, Y. Y. and Ma, H. and Ma, J. L. and Mao, Y. C. and Ning, J. H. and Pan, H. and Qi, N. C. and Ren, J. and Ruan, X. C. and Sharma, V. and She, Z. and Singh, L. and Singh, M. K. and Sun, T. X. and Tang, C. J. and Tang, W. Y. and Tian, Y. and Wang, G. F. and Wang, L. and Wang, Q. and Wang, Y. and Wang, Y. X. and Wu, S. Y. and Wu, Y. C. and Xing, H. Y. and Xu, Y. and Xue, T. and Yi, N. and Yu, C. X. and Yu, H. J. and Yue, J. F. and Zeng, M. and Zeng, Z. and Zhang, F. S. and Zhao, M. G. and Zhou, J. F. and Zhou, Z. Y. and Zhu, J. J.},
    collaboration = {CDEX Collaboration},
    journal = {Phys. Rev. Lett.},
    volume = {123},
    issue = {16},
    pages = {161301},
    numpages = {5},
    year = {2019},
    month = {Oct},
    publisher = {American Physical Society},
    doi = {10.1103/PhysRevLett.123.161301},
    url = {https://link.aps.org/doi/10.1103/PhysRevLett.123.161301},
}

@article{PhysRevLett.123.221301,
    title = {Search for Light Weakly-Interacting-Massive-Particle Dark Matter by Annual Modulation Analysis with a Point-Contact Germanium Detector at the China Jinping Underground Laboratory},
    author = {Yang, L. T. and Li, H. B. and Yue, Q. and Ma, H. and Kang, K. J. and Li, Y. J. and Wong, H. T. and Agartioglu, M. and An, H. P. and Chang, J. P. and Chen, J. H. and Chen, Y. H. and Cheng, J. P. and Deng, Z. and Du, Q. and Gong, H. and Guo, Q. J. and He, L. and Hu, J. W. and Hu, Q. D. and Huang, H. X. and Jia, L. P. and Jiang, H. and Li, H. and Li, J. M. and Li, J. and Li, X. and Li, X. Q. and Li, Y. L. and Liao, B. and Lin, F. K. and Lin, S. T. and Liu, S. K. and Liu, Y. D. and Liu, Y. Y. and Liu, Z. Z. and Ma, J. L. and Mao, Y. C. and Pan, H. and Ren, J. and Ruan, X. C. and Sharma, V. and She, Z. and Shen, M. B. and Singh, L. and Singh, M. K. and Sun, T. X. and Tang, C. J. and Tang, W. Y. and Tian, Y. and Wang, G. F. and Wang, J. M. and Wang, L. and Wang, Q. and Wang, Y. and Wang, Y. X. and Wu, S. Y. and Wu, Y. C. and Xing, H. Y. and Xu, Y. and Xue, T. and Yi, N. and Yu, C. X. and Yu, H. J. and Yue, J. F. and Zeng, X. H. and Zeng, M. and Zeng, Z. and Zhang, F. S. and Zhang, Y. H. and Zhao, M. G. and Zhou, J. F. and Zhou, Z. Y. and Zhu, J. J. and Zhu, Z. H.},
    collaboration = {CDEX Collaboration},
    journal = {Phys. Rev. Lett.},
    volume = {123},
    issue = {22},
    pages = {221301},
    numpages = {5},
    year = {2019},
    month = {Nov},
    publisher = {American Physical Society},
    doi = {10.1103/PhysRevLett.123.221301},
    url = {https://link.aps.org/doi/10.1103/PhysRevLett.123.221301},
}

@article{PhysRevLett.123.161301,
    title = {Constraints on Spin-Independent Nucleus Scattering with sub-GeV Weakly Interacting Massive Particle Dark Matter from the CDEX-1B Experiment at the China Jinping Underground Laboratory},
    author = {Liu, Z. Z. and Yue, Q. and Yang, L. T. and Kang, K. J. and Li, Y. J. and Wong, H. T. and Agartioglu, M. and An, H. P. and Chang, J. P. and Chen, J. H. and Chen, Y. H. and Cheng, J. P. and Deng, Z. and Du, Q. and Gong, H. and Guo, X. Y. and Guo, Q. J. and He, L. and He, S. M. and Hu, J. W. and Hu, Q. D. and Huang, H. X. and Jia, L. P. and Jiang, H. and Li, H. B. and Li, H. and Li, J. M. and Li, J. and Li, X. and Li, X. Q. and Li, Y. L. and Liao, B. and Lin, F. K. and Lin, S. T. and Liu, S. K. and Liu, Y. D. and Liu, Y. Y. and Ma, H. and Ma, J. L. and Mao, Y. C. and Ning, J. H. and Pan, H. and Qi, N. C. and Ren, J. and Ruan, X. C. and Sharma, V. and She, Z. and Singh, L. and Singh, M. K. and Sun, T. X. and Tang, C. J. and Tang, W. Y. and Tian, Y. and Wang, G. F. and Wang, L. and Wang, Q. and Wang, Y. and Wang, Y. X. and Wu, S. Y. and Wu, Y. C. and Xing, H. Y. and Xu, Y. and Xue, T. and Yi, N. and Yu, C. X. and Yu, H. J. and Yue, J. F. and Zeng, M. and Zeng, Z. and Zhang, F. S. and Zhao, M. G. and Zhou, J. F. and Zhou, Z. Y. and Zhu, J. J.},
    collaboration = {CDEX Collaboration},
    journal = {Phys. Rev. Lett.},
    volume = {123},
    issue = {16},
    pages = {161301},
    numpages = {5},
    year = {2019},
    month = {Oct},
    publisher = {American Physical Society},
    doi = {10.1103/PhysRevLett.123.161301},
    url = {https://link.aps.org/doi/10.1103/PhysRevLett.123.161301},
}

@article{PhysRevD.105.052005,
    title = {Studies of the Earth shielding effect to direct dark matter searches at the China Jinping Underground Laboratory},
    author = {Liu, Z. Z. and Yang, L. T. and Yue, Q. and Yeh, C. H. and Kang, K. J. and Li, Y. J. and Agartioglu, M. and An, H. P. and Chang, J. P. and Chen, J. H. and Chen, Y. H. and Cheng, J. P. and Dai, W. H. and Deng, Z. and Fang, C. H. and Geng, X. P. and Gong, H. and Guo, X. Y. and Guo, Q. J. and He, L. and He, S. M. and Hu, J. W. and Huang, H. X. and Huang, T. C. and Jia, H. T. and Jiang, X. and Li, H. B. and Li, J. M. and Li, J. and Li, R. M. J. and Li, X. Q. and Li, Y. L. and Liao, B. and Lin, F. K. and Lin, S. T. and Liu, S. K. and Liu, Y. and Liu, Y. D. and Liu, Y. Y. and Ma, H. and Mao, Y. C. and Nie, Q. Y. and Ning, J. H. and Pan, H. and Qi, N. C. and Ren, J. and Ruan, X. C. and Sharma, V. and She, Z. and Saraswat, K. and Singh, M. K. and Sun, T. X. and Tang, C. J. and Tang, W. Y. and Tian, Y. and Wang, G. F. and Wang, L. and Wang, Q. and Wang, Y. and Wang, Y. X. and Wang, Z. and Wong, H. T. and Wu, S. Y. and Wu, Y. C. and Xing, H. Y. and Xu, Y. and Xue, T. and Yan, Y. L. and Yi, N. and Yu, C. X. and Yu, H. J. and Yue, J. F. and Zeng, M. and Zeng, Z. and Zhang, B. T. and Zhang, F. S. and Zhang, K. K. and Zhang, Z. H. and Zhang, Z. Y. and Zhao, M. G. and Zhou, J. F. and Zhou, Z. Y. and Zhu, J. J.},
    collaboration = {CDEX Collaboration},
    journal = {Phys. Rev. D},
    volume = {105},
    issue = {5},
    pages = {052005},
    numpages = {8},
    year = {2022},
    month = {Mar},
    publisher = {American Physical Society},
    doi = {10.1103/PhysRevD.105.052005},
    url = {https://link.aps.org/doi/10.1103/PhysRevD.105.052005},
}

@misc{CDMSlite2302.09115,
    doi = {10.48550/ARXIV.2302.09115},
    url = {https://arxiv.org/abs/2302.09115},
    author = {Albakry, M. F. and Alkhatib, I. and Alonso, D. and Amaral, D. W. P. and Aralis, T. and Aramaki, T. and Arnquist, I. J. and Langroudy, I. Ataee and Azadbakht, E. and Banik, S. and Bathurst, C. and Bhattacharyya, R. and Brink, P. L. and Bunker, R. and Cabrera, B. and Calkins, R. and Cameron, R. A. and Cartaro, C. and Cerde\~no, D. G. and Chang, Y. -Y. and Chaudhuri, M. and Chen, R. and Chott, N. and Cooley, J. and Coombes, H. and Corbett, J. and Cushman, P. and Das, S. and De Brienne, F. and Rios, M. and Dharani, S. and di Vacri, M. L. and Diamond, M. D. and Elwan, M. and Fascione, E. and Figueroa-Feliciano, E. and Fink, C. W. and Fouts, K. and Fritts, M. and Gerbier, G. and Germond, R. and Ghaith, M. and Golwala, S. R. and Hall, J. and Hassan, N. and Hines, B. A. and Hong, Z. and Hoppe, E. W. and Hsu, L. and Huber, M. E. and Iyer, V. and Jardin, D. and Kashyap, V. K. S. and Kelsey, M. H. and Kubik, A. and Kurinsky, N. A. and Lee, M. and Li, A. and Litke, M. and Liu, J. and Liu, Y. and Loer, B. and Asamar, E. Lopez and Lukens, P. and MacFarlane, D. B. and Mahapatra, R. and Mast, N. and Mayer, A. J. and Theenhausen, H. Meyer zu and Michaud, E. and Michielin, E. and Mirabolfathi, N. and Mohanty, B. and Nelson, J. and Neog, H. and Novati, V. and Orrell, J. L. and Osborne, M. D. and Oser, S. M. and Page, W. A. and Pandey, S. and Partridge, R. and Pedreros, D. S. and Perna, L. and Podviianiuk, R. and Ponce, F. and Poudel, S. and Pradeep, A. and Pyle, M. and Rau, W. and Reid, E. and Ren, R. and Reynolds, T. and Roberts, A. and Robinson, A. E. and Saab, T. and Sadek, D. and Sadoulet, B. and Saikia, I. and Sander, J. and Sattari, A. and Schmidt, B. and Schnee, R. W. and Scorza, S. and Serfass, B. and Poudel, S. S. and Sincavage, D. J. and Sinervo, P. and Street, J. and Sun, H. and Terry, G. D. and Thasrawala, F. K. and Toback, D. and Underwood, R. and Verma, S. and Villano, A. N. and von Krosigk, B. and Watkins, S. L. and Wen, O. and Williams, Z. and Wilson, M. J. and Winchell, J. and Wu, C. -P. and Wykoff, K. and Yellin, S. and Young, B. A. and Yu, T. C. and Zatschler, B. and Zatschler, S. and Zaytsev, A. and Zhang, E. and Zheng, L. and Zuniga, A.},
    keywords = {High Energy Physics - Experiment (hep-ex), High Energy Physics - Phenomenology (hep-ph), FOS: Physical sciences, FOS: Physical sciences},
    title = {A Search for Low-mass Dark Matter via Bremsstrahlung Radiation and the Migdal Effect in SuperCDMS},
    publisher = {arXiv},
    year = {2023},
    copyright = {Creative Commons Attribution 4.0 International},
}

@misc{CDMSlite2302.09115,
    doi = {10.48550/ARXIV.2302.09115},
    url = {https://arxiv.org/abs/2302.09115},
    author = {Albakry, M. F. and Alkhatib, I. and Alonso, D. and Amaral, D. W. P. and Aralis, T. and Aramaki, T. and Arnquist, I. J. and Langroudy, I. Ataee and Azadbakht, E. and Banik, S. and Bathurst, C. and Bhattacharyya, R. and Brink, P. L. and Bunker, R. and Cabrera, B. and Calkins, R. and Cameron, R. A. and Cartaro, C. and Cerde\~no, D. G. and Chang, Y. -Y. and Chaudhuri, M. and Chen, R. and Chott, N. and Cooley, J. and Coombes, H. and Corbett, J. and Cushman, P. and Das, S. and De Brienne, F. and Rios, M. and Dharani, S. and di Vacri, M. L. and Diamond, M. D. and Elwan, M. and Fascione, E. and Figueroa-Feliciano, E. and Fink, C. W. and Fouts, K. and Fritts, M. and Gerbier, G. and Germond, R. and Ghaith, M. and Golwala, S. R. and Hall, J. and Hassan, N. and Hines, B. A. and Hong, Z. and Hoppe, E. W. and Hsu, L. and Huber, M. E. and Iyer, V. and Jardin, D. and Kashyap, V. K. S. and Kelsey, M. H. and Kubik, A. and Kurinsky, N. A. and Lee, M. and Li, A. and Litke, M. and Liu, J. and Liu, Y. and Loer, B. and Asamar, E. Lopez and Lukens, P. and MacFarlane, D. B. and Mahapatra, R. and Mast, N. and Mayer, A. J. and Theenhausen, H. Meyer zu and Michaud, E. and Michielin, E. and Mirabolfathi, N. and Mohanty, B. and Nelson, J. and Neog, H. and Novati, V. and Orrell, J. L. and Osborne, M. D. and Oser, S. M. and Page, W. A. and Pandey, S. and Partridge, R. and Pedreros, D. S. and Perna, L. and Podviianiuk, R. and Ponce, F. and Poudel, S. and Pradeep, A. and Pyle, M. and Rau, W. and Reid, E. and Ren, R. and Reynolds, T. and Roberts, A. and Robinson, A. E. and Saab, T. and Sadek, D. and Sadoulet, B. and Saikia, I. and Sander, J. and Sattari, A. and Schmidt, B. and Schnee, R. W. and Scorza, S. and Serfass, B. and Poudel, S. S. and Sincavage, D. J. and Sinervo, P. and Street, J. and Sun, H. and Terry, G. D. and Thasrawala, F. K. and Toback, D. and Underwood, R. and Verma, S. and Villano, A. N. and von Krosigk, B. and Watkins, S. L. and Wen, O. and Williams, Z. and Wilson, M. J. and Winchell, J. and Wu, C. -P. and Wykoff, K. and Yellin, S. and Young, B. A. and Yu, T. C. and Zatschler, B. and Zatschler, S. and Zaytsev, A. and Zhang, E. and Zheng, L. and Zuniga, A.},
    keywords = {High Energy Physics - Experiment (hep-ex), High Energy Physics - Phenomenology (hep-ph), FOS: Physical sciences, FOS: Physical sciences},
    title = {A Search for Low-mass Dark Matter via Bremsstrahlung Radiation and the Migdal Effect in SuperCDMS},
    publisher = {arXiv},
    year = {2023},
    copyright = {Creative Commons Attribution 4.0 International},
}

@article{PhysRevLett.127.261802,
    title = {Dark Matter Search Results from the PandaX-4T Commissioning Run},
    author = {Meng, Yue and Wang, Zhou and Tao, Yi and Abdukerim, Abdusalam and Bo, Zihao and Chen, Wei and Chen, Xun and Chen, Yunhua and Cheng, Chen and Cheng, Yunshan and Cui, Xiangyi and Fan, Yingjie and Fang, Deqing and Fu, Changbo and Fu, Mengting and Geng, Lisheng and Giboni, Karl and Gu, Linhui and Guo, Xuyuan and Han, Ke and He, Changda and He, Jinrong and Huang, Di and Huang, Yanlin and Huang, Zhou and Hou, Ruquan and Ji, Xiangdong and Ju, Yonglin and Li, Chenxiang and Li, Mingchuan and Li, Shu and Li, Shuaijie and Lin, Qing and Liu, Jianglai and Lu, Xiaoying and Luo, Lingyin and Ma, Wenbo and Ma, Yugang and Mao, Yajun and Shaheed, Nasir and Ning, Xuyang and Qi, Ningchun and Qian, Zhicheng and Ren, Xiangxiang and Shang, Changsong and Shen, Guofang and Si, Lin and Sun, Wenliang and Tan, Andi and Wang, Anqing and Wang, Meng and Wang, Qiuhong and Wang, Shaobo and Wang, Siguang and Wang, Wei and Wang, Xiuli and Wu, Mengmeng and Wu, Weihao and Xia, Jingkai and Xiao, Mengjiao and Xiao, Xiang and Xie, Pengwei and Yan, Binbin and Yan, Xiyu and Yang, Jijun and Yang, Yong and Yu, Chunxu and Yuan, Jumin and Yuan, Ying and Zhang, Dan and Zhang, Minzhen and Zhang, Peng and Zhang, Tao and Zhao, Li and Zheng, Qibin and Zhou, Jifang and Zhou, Ning and Zhou, Xiaopeng and Zhou, Yong},
    collaboration = {PandaX-4T Collaboration},
    journal = {Phys. Rev. Lett.},
    volume = {127},
    issue = {26},
    pages = {261802},
    numpages = {8},
    year = {2021},
    month = {Dec},
    publisher = {American Physical Society},
    doi = {10.1103/PhysRevLett.127.261802},
    url = {https://link.aps.org/doi/10.1103/PhysRevLett.127.261802},
}

@article{j.physletb.2022.137487,
    title = {Constraints on the axial-vector and pseudo-scalar mediated WIMP-nucleus interactions from PandaX-4T experiment},
    author = {Zhou Huang and Chencheng Han and Abdusalam Abdukerim and Zihao Bo and Wei Chen and Xun Chen and Yunhua Chen and Chen Cheng and Zhaokan Cheng and Xiangyi Cui and Yingjie Fan and Deqing Fang and Changbo Fu and Mengting Fu and Lisheng Geng and Karl Giboni and Linhui Gu and Xuyuan Guo and Ke Han and Changda He and Jinrong He and Di Huang and Yanlin Huang and Ruquan Hou and Xiangdong Ji and Yonglin Ju and Chenxiang Li and Jiafu Li and Mingchuan Li and Shu Li and Shuaijie Li and Qing Lin and Jianglai Liu and Xiaoying Lu and Lingyin Luo and Yunyang Luo and Wenbo Ma and Yugang Ma and Yajun Mao and Yue Meng and Xuyang Ning and Ningchun Qi and Zhicheng Qian and Xiangxiang Ren and Nasir Shaheed and Changsong Shang and Xiaofeng Shang and Guofang Shen and Lin Si and Wenliang Sun and Andi Tan and Yi Tao and Anqing Wang and Meng Wang and Qiuhong Wang and Shaobo Wang and Siguang Wang and Wei Wang and Xiuli Wang and Zhou Wang and Yuehuan Wei and Mengmeng Wu and Weihao Wu and Jingkai Xia and Mengjiao Xiao and Xiang Xiao and Pengwei Xie and Binbin Yan and Xiyu Yan and Jijun Yang and Yong Yang and Chunxu Yu and Jumin Yuan and Zhe Yuan and Xinning Zeng and Dan Zhang and Minzhen Zhang and Peng Zhang and Shibo Zhang and Shu Zhang and Tao Zhang and Yingxin Zhang and Yuanyuan Zhang and Li Zhao and Qibin Zheng and Jifang Zhou and Ning Zhou and Xiaopeng Zhou and Yong Zhou and Yubo Zhou},
    journal = {Phys. Lett. B},
    volume = {834},
    pages = {137487},
    ISSN = {0370-2693},
    year = {2022},
    doi = {10.1016/j.physletb.2022.137487},
    url = {https://www.sciencedirect.com/science/article/pii/S0370269322006219},
}

@article{j.physletb.2022.137487,
    title = {Constraints on the axial-vector and pseudo-scalar mediated WIMP-nucleus interactions from PandaX-4T experiment},
    author = {Zhou Huang and Chencheng Han and Abdusalam Abdukerim and Zihao Bo and Wei Chen and Xun Chen and Yunhua Chen and Chen Cheng and Zhaokan Cheng and Xiangyi Cui and Yingjie Fan and Deqing Fang and Changbo Fu and Mengting Fu and Lisheng Geng and Karl Giboni and Linhui Gu and Xuyuan Guo and Ke Han and Changda He and Jinrong He and Di Huang and Yanlin Huang and Ruquan Hou and Xiangdong Ji and Yonglin Ju and Chenxiang Li and Jiafu Li and Mingchuan Li and Shu Li and Shuaijie Li and Qing Lin and Jianglai Liu and Xiaoying Lu and Lingyin Luo and Yunyang Luo and Wenbo Ma and Yugang Ma and Yajun Mao and Yue Meng and Xuyang Ning and Ningchun Qi and Zhicheng Qian and Xiangxiang Ren and Nasir Shaheed and Changsong Shang and Xiaofeng Shang and Guofang Shen and Lin Si and Wenliang Sun and Andi Tan and Yi Tao and Anqing Wang and Meng Wang and Qiuhong Wang and Shaobo Wang and Siguang Wang and Wei Wang and Xiuli Wang and Zhou Wang and Yuehuan Wei and Mengmeng Wu and Weihao Wu and Jingkai Xia and Mengjiao Xiao and Xiang Xiao and Pengwei Xie and Binbin Yan and Xiyu Yan and Jijun Yang and Yong Yang and Chunxu Yu and Jumin Yuan and Zhe Yuan and Xinning Zeng and Dan Zhang and Minzhen Zhang and Peng Zhang and Shibo Zhang and Shu Zhang and Tao Zhang and Yingxin Zhang and Yuanyuan Zhang and Li Zhao and Qibin Zheng and Jifang Zhou and Ning Zhou and Xiaopeng Zhou and Yong Zhou and Yubo Zhou},
    journal = {Phys. Lett. B},
    volume = {834},
    pages = {137487},
    ISSN = {0370-2693},
    year = {2022},
    doi = {10.1016/j.physletb.2022.137487},
    url = {https://www.sciencedirect.com/science/article/pii/S0370269322006219},
}

@article{PhysRevLett.126.091301,
    title = {Search for Coherent Elastic Scattering of Solar $^{8}\mathrm{B}$ Neutrinos in the XENON1T Dark Matter Experiment},
    author = {Aprile, E. and Aalbers, J. and Agostini, F. and Ahmed Maouloud, S. and Alfonsi, M. and Althueser, L. and Amaro, F. D. and Andaloro, S. and Antochi, V. C. and Angelino, E. and Angevaare, J. R. and Arneodo, F. and Baudis, L. and Bauermeister, B. and Bellagamba, L. and Benabderrahmane, M. L. and Brown, A. and Brown, E. and Bruenner, S. and Bruno, G. and Budnik, R. and Capelli, C. and Cardoso, J. M. R. and Cichon, D. and Cimmino, B. and Clark, M. and Coderre, D. and Colijn, A. P. and Conrad, J. and Cuenca, J. and Cussonneau, J. P. and Decowski, M. P. and Depoian, A. and Di Gangi, P. and Di Giovanni, A. and Di Stefano, R. and Diglio, S. and Elykov, A. and Ferella, A. D. and Fulgione, W. and Gaemers, P. and Gaior, R. and Galloway, M. and Gao, F. and Grandi, L. and Hils, C. and Hiraide, K. and Hoetzsch, L. and Howlett, J. and Iacovacci, M. and Itow, Y. and Joerg, F. and Kato, N. and Kazama, S. and Kobayashi, M. and Koltman, G. and Kopec, A. and Landsman, H. and Lang, R. F. and Levinson, L. and Liang, S. and Lindemann, S. and Lindner, M. and Lombardi, F. and Long, J. and Lopes, J. A. M. and Ma, Y. and Macolino, C. and Mahlstedt, J. and Mancuso, A. and Manenti, L. and Manfredini, A. and Marignetti, F. and Marrod\'an Undagoitia, T. and Martens, K. and Masbou, J. and Masson, D. and Mastroianni, S. and Messina, M. and Miuchi, K. and Mizukoshi, K. and Molinario, A. and Mor\aa{}, K. and Moriyama, S. and Mosbacher, Y. and Murra, M. and Naganoma, J. and Ni, K. and Oberlack, U. and Odgers, K. and Palacio, J. and Pelssers, B. and Peres, R. and Pierre, M. and Pienaar, J. and Pizzella, V. and Plante, G. and Qi, J. and Qin, J. and Ram\'{\i}rez Garc\'{\i}a, D. and Reichard, S. and Rocchetti, A. and Rupp, N. and dos Santos, J. M. F. and Sartorelli, G. and Schreiner, J. and Schulte, D. and Schulze Ei\ss{}ing, H. and Schumann, M. and Scotto Lavina, L. and Selvi, M. and Semeria, F. and Shagin, P. and Shockley, E. and Silva, M. and Simgen, H. and Takeda, A. and Therreau, C. and Thers, D. and Toschi, F. and Trinchero, G. and Tunnell, C. and Valerius, K. and Vargas, M. and Volta, G. and Wei, Y. and Weinheimer, C. and Weiss, M. and Wenz, D. and Wittweg, C. and Wolf, T. and Xu, Z. and Yamashita, M. and Ye, J. and Zavattini, G. and Zhang, Y. and Zhu, T. and Zopounidis, J. P.},
    collaboration = {XENON Collaboration},
    journal = {Phys. Rev. Lett.},
    volume = {126},
    issue = {9},
    pages = {091301},
    numpages = {8},
    year = {2021},
    month = {Mar},
    publisher = {American Physical Society},
    doi = {10.1103/PhysRevLett.126.091301},
    url = {https://link.aps.org/doi/10.1103/PhysRevLett.126.091301},
}

@misc{aguilararevalo2020results,
    title = {Results on low-mass weakly interacting massive particles from a 11 kg-day target exposure of DAMIC at SNOLAB},
    author = {A. Aguilar-Arevalo and D. Amidei and D. Baxter and G. Cancelo and B. A. Cervantes Vergara and A. E. Chavarria and J. C. D'Olivo and J. Estrada and F. Favela-Perez and R. Gaior and Y. Guardincerri and E. W. Hoppe and T. W. Hossbach and B. Kilminster and I. Lawson and S. J. Lee and A. Letessier-Selvon and A. Matalon and P. Mitra and C. T. Overman and A. Piers and P. Privitera and K. Ramanathan and J. Da Rocha and Y. Sarkis and M. Settimo and R. Smida and R. Thomas and J. Tiffenberg and M. Traina and R. Vilar and A. L. Virto},
    year = {2020},
    eprint = {2007.15622},
    archivePrefix = {arXiv},
    primaryClass = {astro-ph.CO},
}

@article{PhysRevLett.131.041002,
    title = {First Dark Matter Search Results from the LUX-ZEPLIN (LZ) Experiment},
    author = {Aalbers, J. and Akerib, D. S. and Akerlof, C. W. and Al Musalhi, A. K. and Alder, F. and Alqahtani, A. and Alsum, S. K. and Amarasinghe, C. S. and Ames, A. and Anderson, T. J. and Angelides, N. and Ara\'ujo, H. M. and Armstrong, J. E. and Arthurs, M. and Azadi, S. and Bailey, A. J. and Baker, A. and Balajthy, J. and Balashov, S. and Bang, J. and Bargemann, J. W. and Barry, M. J. and Barthel, J. and Bauer, D. and Baxter, A. and Beattie, K. and Belle, J. and Beltrame, P. and Bensinger, J. and Benson, T. and Bernard, E. P. and Bhatti, A. and Biekert, A. and Biesiadzinski, T. P. and Birch, H. J. and Birrittella, B. and Blockinger, G. M. and Boast, K. E. and Boxer, B. and Bramante, R. and Brew, C. A. J. and Br\'as, P. and Buckley, J. H. and Bugaev, V. V. and Burdin, S. and Busenitz, J. K. and Buuck, M. and Cabrita, R. and Carels, C. and Carlsmith, D. L. and Carlson, B. and Carmona-Benitez, M. C. and Cascella, M. and Chan, C. and Chawla, A. and Chen, H. and Cherwinka, J. J. and Chott, N. I. and Cole, A. and Coleman, J. and Converse, M. V. and Cottle, A. and Cox, G. and Craddock, W. W. and Creaner, O. and Curran, D. and Currie, A. and Cutter, J. E. and Dahl, C. E. and David, A. and Davis, J. and Davison, T. J. R. and Delgaudio, J. and Dey, S. and de Viveiros, L. and Dobi, A. and Dobson, J. E. Y. and Druszkiewicz, E. and Dushkin, A. and Edberg, T. K. and Edwards, W. R. and Elnimr, M. M. and Emmet, W. T. and Eriksen, S. R. and Faham, C. H. and Fan, A. and Fayer, S. and Fearon, N. M. and Fiorucci, S. and Flaecher, H. and Ford, P. and Francis, V. B. and Fraser, E. D. and Fruth, T. and Gaitskell, R. J. and Gantos, N. J. and Garcia, D. and Geffre, A. and Gehman, V. M. and Genovesi, J. and Ghag, C. and Gibbons, R. and Gibson, E. and Gilchriese, M. G. D. and Gokhale, S. and Gomber, B. and Green, J. and Greenall, A. and Greenwood, S. and van der Grinten, M. G. D. and Gwilliam, C. B. and Hall, C. R. and Hans, S. and Hanzel, K. and Harrison, A. and Hartigan-O'Connor, E. and Haselschwardt, S. J. and Hernandez, M. A. and Hertel, S. A. and Heuermann, G. and Hjemfelt, C. and Hoff, M. D. and Holtom, E. and Hor, J. Y-K. and Horn, M. and Huang, D. Q. and Hunt, D. and Ignarra, C. M. and Jacobsen, R. G. and Jahangir, O. and James, R. S. and Jeffery, S. N. and Ji, W. and Johnson, J. and Kaboth, A. C. and Kamaha, A. C. and Kamdin, K. and Kasey, V. and Kazkaz, K. and Keefner, J. and Khaitan, D. and Khaleeq, M. and Khazov, A. and Khurana, I. and Kim, Y. D. and Kocher, C. D. and Kodroff, D. and Korley, L. and Korolkova, E. V. and Kras, J. and Kraus, H. and Kravitz, S. and Krebs, H. J. and Kreczko, L. and Krikler, B. and Kudryavtsev, V. A. and Kyre, S. and Landerud, B. and Leason, E. A. and Lee, C. and Lee, J. and Leonard, D. S. and Leonard, R. and Lesko, K. T. and Levy, C. and Li, J. and Liao, F.-T. and Liao, J. and Lin, J. and Lindote, A. and Linehan, R. and Lippincott, W. H. and Liu, R. and Liu, X. and Liu, Y. and Loniewski, C. and Lopes, M. I. and Lopez Asamar, E. and L\'opez Paredes, B. and Lorenzon, W. and Lucero, D. and Luitz, S. and Lyle, J. M. and Majewski, P. A. and Makkinje, J. and Malling, D. C. and Manalaysay, A. and Manenti, L. and Mannino, R. L. and Marangou, N. and Marzioni, M. F. and Maupin, C. and McCarthy, M. E. and McConnell, C. T. and McKinsey, D. N. and McLaughlin, J. and Meng, Y. and Migneault, J. and Miller, E. H. and Mizrachi, E. and Mock, J. A. and Monte, A. and Monzani, M. E. and Morad, J. A. and Morales Mendoza, J. D. and Morrison, E. and Mount, B. J. and Murdy, M. and Murphy, A. St. J. and Naim, D. and Naylor, A. and Nedlik, C. and Nehrkorn, C. and Neves, F. and Nguyen, A. and Nikoleyczik, J. A. and Nilima, A. and O'Dell, J. and O'Neill, F. G. and O'Sullivan, K. and Olcina, I. and Olevitch, M. A. and Oliver-Mallory, K. C. and Orpwood, J. and Pagenkopf, D. and Pal, S. and Palladino, K. J. and Palmer, J. and Pangilinan, M. and Parveen, N. and Patton, S. J. and Pease, E. K. and Penning, B. and Pereira, C. and Pereira, G. and Perry, E. and Pershing, T. and Peterson, I. B. and Piepke, A. and Podczerwinski, J. and Porzio, D. and Powell, S. and Preece, R. M. and Pushkin, K. and Qie, Y. and Ratcliff, B. N. and Reichenbacher, J. and Reichhart, L. and Rhyne, C. A. and Richards, A. and Riffard, Q. and Rischbieter, G. R. C. and Rodrigues, J. P. and Rodriguez, A. and Rose, H. J. and Rosero, R. and Rossiter, P. and Rushton, T. and Rutherford, G. and Rynders, D. and Saba, J. S. and Santone, D. and Sazzad, A. B. M. R. and Schnee, R. W. and Scovell, P. R. and Seymour, D. and Shaw, S. and Shutt, T. and Silk, J. J. and Silva, C. and Sinev, G. and Skarpaas, K. and Skulski, W. and Smith, R. and Solmaz, M. and Solovov, V. N. and Sorensen, P. and Soria, J. and Stancu, I. and Stark, M. R. and Stevens, A. and Stiegler, T. M. and Stifter, K. and Studley, R. and Suerfu, B. and Sumner, T. J. and Sutcliffe, P. and Swanson, N. and Szydagis, M. and Tan, M. and Taylor, D. J. and Taylor, R. and Taylor, W. C. and Temples, D. J. and Tennyson, B. P. and Terman, P. A. and Thomas, K. J. and Tiedt, D. R. and Timalsina, M. and To, W. H. and Tom\'as, A. and Tong, Z. and Tovey, D. R. and Tranter, J. and Trask, M. and Tripathi, M. and Tronstad, D. R. and Tull, C. E. and Turner, W. and Tvrznikova, L. and Utku, U. and Va'vra, J. and Vacheret, A. and Vaitkus, A. C. and Verbus, J. R. and Voirin, E. and Waldron, W. L. and Wang, A. and Wang, B. and Wang, J. J. and Wang, W. and Wang, Y. and Watson, J. R. and Webb, R. C. and White, A. and White, D. T. and White, J. T. and White, R. G. and Whitis, T. J. and Williams, M. and Wisniewski, W. J. and Witherell, M. S. and Wolfs, F. L. H. and Wolfs, J. D. and Woodford, S. and Woodward, D. and Worm, S. D. and Wright, C. J. and Xia, Q. and Xiang, X. and Xiao, Q. and Xu, J. and Yeh, M. and Yin, J. and Young, I. and Zarzhitsky, P. and Zuckerman, A. and Zweig, E. A.},
    collaboration = {LUX--ZEPLIN Collaboration},
    journal = {Phys. Rev. Lett.},
    volume = {131},
    issue = {4},
    pages = {041002},
    numpages = {11},
    year = {2023},
    month = {Jul},
    publisher = {American Physical Society},
    doi = {10.1103/PhysRevLett.131.041002},
    url = {https://link.aps.org/doi/10.1103/PhysRevLett.131.041002},
}

@article{PhysRevLett.131.041002,
    title = {First Dark Matter Search Results from the LUX-ZEPLIN (LZ) Experiment},
    author = {Aalbers, J. and Akerib, D. S. and Akerlof, C. W. and Al Musalhi, A. K. and Alder, F. and Alqahtani, A. and Alsum, S. K. and Amarasinghe, C. S. and Ames, A. and Anderson, T. J. and Angelides, N. and Ara\'ujo, H. M. and Armstrong, J. E. and Arthurs, M. and Azadi, S. and Bailey, A. J. and Baker, A. and Balajthy, J. and Balashov, S. and Bang, J. and Bargemann, J. W. and Barry, M. J. and Barthel, J. and Bauer, D. and Baxter, A. and Beattie, K. and Belle, J. and Beltrame, P. and Bensinger, J. and Benson, T. and Bernard, E. P. and Bhatti, A. and Biekert, A. and Biesiadzinski, T. P. and Birch, H. J. and Birrittella, B. and Blockinger, G. M. and Boast, K. E. and Boxer, B. and Bramante, R. and Brew, C. A. J. and Br\'as, P. and Buckley, J. H. and Bugaev, V. V. and Burdin, S. and Busenitz, J. K. and Buuck, M. and Cabrita, R. and Carels, C. and Carlsmith, D. L. and Carlson, B. and Carmona-Benitez, M. C. and Cascella, M. and Chan, C. and Chawla, A. and Chen, H. and Cherwinka, J. J. and Chott, N. I. and Cole, A. and Coleman, J. and Converse, M. V. and Cottle, A. and Cox, G. and Craddock, W. W. and Creaner, O. and Curran, D. and Currie, A. and Cutter, J. E. and Dahl, C. E. and David, A. and Davis, J. and Davison, T. J. R. and Delgaudio, J. and Dey, S. and de Viveiros, L. and Dobi, A. and Dobson, J. E. Y. and Druszkiewicz, E. and Dushkin, A. and Edberg, T. K. and Edwards, W. R. and Elnimr, M. M. and Emmet, W. T. and Eriksen, S. R. and Faham, C. H. and Fan, A. and Fayer, S. and Fearon, N. M. and Fiorucci, S. and Flaecher, H. and Ford, P. and Francis, V. B. and Fraser, E. D. and Fruth, T. and Gaitskell, R. J. and Gantos, N. J. and Garcia, D. and Geffre, A. and Gehman, V. M. and Genovesi, J. and Ghag, C. and Gibbons, R. and Gibson, E. and Gilchriese, M. G. D. and Gokhale, S. and Gomber, B. and Green, J. and Greenall, A. and Greenwood, S. and van der Grinten, M. G. D. and Gwilliam, C. B. and Hall, C. R. and Hans, S. and Hanzel, K. and Harrison, A. and Hartigan-O'Connor, E. and Haselschwardt, S. J. and Hernandez, M. A. and Hertel, S. A. and Heuermann, G. and Hjemfelt, C. and Hoff, M. D. and Holtom, E. and Hor, J. Y-K. and Horn, M. and Huang, D. Q. and Hunt, D. and Ignarra, C. M. and Jacobsen, R. G. and Jahangir, O. and James, R. S. and Jeffery, S. N. and Ji, W. and Johnson, J. and Kaboth, A. C. and Kamaha, A. C. and Kamdin, K. and Kasey, V. and Kazkaz, K. and Keefner, J. and Khaitan, D. and Khaleeq, M. and Khazov, A. and Khurana, I. and Kim, Y. D. and Kocher, C. D. and Kodroff, D. and Korley, L. and Korolkova, E. V. and Kras, J. and Kraus, H. and Kravitz, S. and Krebs, H. J. and Kreczko, L. and Krikler, B. and Kudryavtsev, V. A. and Kyre, S. and Landerud, B. and Leason, E. A. and Lee, C. and Lee, J. and Leonard, D. S. and Leonard, R. and Lesko, K. T. and Levy, C. and Li, J. and Liao, F.-T. and Liao, J. and Lin, J. and Lindote, A. and Linehan, R. and Lippincott, W. H. and Liu, R. and Liu, X. and Liu, Y. and Loniewski, C. and Lopes, M. I. and Lopez Asamar, E. and L\'opez Paredes, B. and Lorenzon, W. and Lucero, D. and Luitz, S. and Lyle, J. M. and Majewski, P. A. and Makkinje, J. and Malling, D. C. and Manalaysay, A. and Manenti, L. and Mannino, R. L. and Marangou, N. and Marzioni, M. F. and Maupin, C. and McCarthy, M. E. and McConnell, C. T. and McKinsey, D. N. and McLaughlin, J. and Meng, Y. and Migneault, J. and Miller, E. H. and Mizrachi, E. and Mock, J. A. and Monte, A. and Monzani, M. E. and Morad, J. A. and Morales Mendoza, J. D. and Morrison, E. and Mount, B. J. and Murdy, M. and Murphy, A. St. J. and Naim, D. and Naylor, A. and Nedlik, C. and Nehrkorn, C. and Neves, F. and Nguyen, A. and Nikoleyczik, J. A. and Nilima, A. and O'Dell, J. and O'Neill, F. G. and O'Sullivan, K. and Olcina, I. and Olevitch, M. A. and Oliver-Mallory, K. C. and Orpwood, J. and Pagenkopf, D. and Pal, S. and Palladino, K. J. and Palmer, J. and Pangilinan, M. and Parveen, N. and Patton, S. J. and Pease, E. K. and Penning, B. and Pereira, C. and Pereira, G. and Perry, E. and Pershing, T. and Peterson, I. B. and Piepke, A. and Podczerwinski, J. and Porzio, D. and Powell, S. and Preece, R. M. and Pushkin, K. and Qie, Y. and Ratcliff, B. N. and Reichenbacher, J. and Reichhart, L. and Rhyne, C. A. and Richards, A. and Riffard, Q. and Rischbieter, G. R. C. and Rodrigues, J. P. and Rodriguez, A. and Rose, H. J. and Rosero, R. and Rossiter, P. and Rushton, T. and Rutherford, G. and Rynders, D. and Saba, J. S. and Santone, D. and Sazzad, A. B. M. R. and Schnee, R. W. and Scovell, P. R. and Seymour, D. and Shaw, S. and Shutt, T. and Silk, J. J. and Silva, C. and Sinev, G. and Skarpaas, K. and Skulski, W. and Smith, R. and Solmaz, M. and Solovov, V. N. and Sorensen, P. and Soria, J. and Stancu, I. and Stark, M. R. and Stevens, A. and Stiegler, T. M. and Stifter, K. and Studley, R. and Suerfu, B. and Sumner, T. J. and Sutcliffe, P. and Swanson, N. and Szydagis, M. and Tan, M. and Taylor, D. J. and Taylor, R. and Taylor, W. C. and Temples, D. J. and Tennyson, B. P. and Terman, P. A. and Thomas, K. J. and Tiedt, D. R. and Timalsina, M. and To, W. H. and Tom\'as, A. and Tong, Z. and Tovey, D. R. and Tranter, J. and Trask, M. and Tripathi, M. and Tronstad, D. R. and Tull, C. E. and Turner, W. and Tvrznikova, L. and Utku, U. and Va'vra, J. and Vacheret, A. and Vaitkus, A. C. and Verbus, J. R. and Voirin, E. and Waldron, W. L. and Wang, A. and Wang, B. and Wang, J. J. and Wang, W. and Wang, Y. and Watson, J. R. and Webb, R. C. and White, A. and White, D. T. and White, J. T. and White, R. G. and Whitis, T. J. and Williams, M. and Wisniewski, W. J. and Witherell, M. S. and Wolfs, F. L. H. and Wolfs, J. D. and Woodford, S. and Woodward, D. and Worm, S. D. and Wright, C. J. and Xia, Q. and Xiang, X. and Xiao, Q. and Xu, J. and Yeh, M. and Yin, J. and Young, I. and Zarzhitsky, P. and Zuckerman, A. and Zweig, E. A.},
    collaboration = {LUX--ZEPLIN Collaboration},
    journal = {Phys. Rev. Lett.},
    volume = {131},
    issue = {4},
    pages = {041002},
    numpages = {11},
    year = {2023},
    month = {Jul},
    publisher = {American Physical Society},
    doi = {10.1103/PhysRevLett.131.041002},
    url = {https://link.aps.org/doi/10.1103/PhysRevLett.131.041002},
}

@article{PhysRevLett.131.041002,
    title = {First Dark Matter Search Results from the LUX-ZEPLIN (LZ) Experiment},
    author = {Aalbers, J. and Akerib, D. S. and Akerlof, C. W. and Al Musalhi, A. K. and Alder, F. and Alqahtani, A. and Alsum, S. K. and Amarasinghe, C. S. and Ames, A. and Anderson, T. J. and Angelides, N. and Ara\'ujo, H. M. and Armstrong, J. E. and Arthurs, M. and Azadi, S. and Bailey, A. J. and Baker, A. and Balajthy, J. and Balashov, S. and Bang, J. and Bargemann, J. W. and Barry, M. J. and Barthel, J. and Bauer, D. and Baxter, A. and Beattie, K. and Belle, J. and Beltrame, P. and Bensinger, J. and Benson, T. and Bernard, E. P. and Bhatti, A. and Biekert, A. and Biesiadzinski, T. P. and Birch, H. J. and Birrittella, B. and Blockinger, G. M. and Boast, K. E. and Boxer, B. and Bramante, R. and Brew, C. A. J. and Br\'as, P. and Buckley, J. H. and Bugaev, V. V. and Burdin, S. and Busenitz, J. K. and Buuck, M. and Cabrita, R. and Carels, C. and Carlsmith, D. L. and Carlson, B. and Carmona-Benitez, M. C. and Cascella, M. and Chan, C. and Chawla, A. and Chen, H. and Cherwinka, J. J. and Chott, N. I. and Cole, A. and Coleman, J. and Converse, M. V. and Cottle, A. and Cox, G. and Craddock, W. W. and Creaner, O. and Curran, D. and Currie, A. and Cutter, J. E. and Dahl, C. E. and David, A. and Davis, J. and Davison, T. J. R. and Delgaudio, J. and Dey, S. and de Viveiros, L. and Dobi, A. and Dobson, J. E. Y. and Druszkiewicz, E. and Dushkin, A. and Edberg, T. K. and Edwards, W. R. and Elnimr, M. M. and Emmet, W. T. and Eriksen, S. R. and Faham, C. H. and Fan, A. and Fayer, S. and Fearon, N. M. and Fiorucci, S. and Flaecher, H. and Ford, P. and Francis, V. B. and Fraser, E. D. and Fruth, T. and Gaitskell, R. J. and Gantos, N. J. and Garcia, D. and Geffre, A. and Gehman, V. M. and Genovesi, J. and Ghag, C. and Gibbons, R. and Gibson, E. and Gilchriese, M. G. D. and Gokhale, S. and Gomber, B. and Green, J. and Greenall, A. and Greenwood, S. and van der Grinten, M. G. D. and Gwilliam, C. B. and Hall, C. R. and Hans, S. and Hanzel, K. and Harrison, A. and Hartigan-O'Connor, E. and Haselschwardt, S. J. and Hernandez, M. A. and Hertel, S. A. and Heuermann, G. and Hjemfelt, C. and Hoff, M. D. and Holtom, E. and Hor, J. Y-K. and Horn, M. and Huang, D. Q. and Hunt, D. and Ignarra, C. M. and Jacobsen, R. G. and Jahangir, O. and James, R. S. and Jeffery, S. N. and Ji, W. and Johnson, J. and Kaboth, A. C. and Kamaha, A. C. and Kamdin, K. and Kasey, V. and Kazkaz, K. and Keefner, J. and Khaitan, D. and Khaleeq, M. and Khazov, A. and Khurana, I. and Kim, Y. D. and Kocher, C. D. and Kodroff, D. and Korley, L. and Korolkova, E. V. and Kras, J. and Kraus, H. and Kravitz, S. and Krebs, H. J. and Kreczko, L. and Krikler, B. and Kudryavtsev, V. A. and Kyre, S. and Landerud, B. and Leason, E. A. and Lee, C. and Lee, J. and Leonard, D. S. and Leonard, R. and Lesko, K. T. and Levy, C. and Li, J. and Liao, F.-T. and Liao, J. and Lin, J. and Lindote, A. and Linehan, R. and Lippincott, W. H. and Liu, R. and Liu, X. and Liu, Y. and Loniewski, C. and Lopes, M. I. and Lopez Asamar, E. and L\'opez Paredes, B. and Lorenzon, W. and Lucero, D. and Luitz, S. and Lyle, J. M. and Majewski, P. A. and Makkinje, J. and Malling, D. C. and Manalaysay, A. and Manenti, L. and Mannino, R. L. and Marangou, N. and Marzioni, M. F. and Maupin, C. and McCarthy, M. E. and McConnell, C. T. and McKinsey, D. N. and McLaughlin, J. and Meng, Y. and Migneault, J. and Miller, E. H. and Mizrachi, E. and Mock, J. A. and Monte, A. and Monzani, M. E. and Morad, J. A. and Morales Mendoza, J. D. and Morrison, E. and Mount, B. J. and Murdy, M. and Murphy, A. St. J. and Naim, D. and Naylor, A. and Nedlik, C. and Nehrkorn, C. and Neves, F. and Nguyen, A. and Nikoleyczik, J. A. and Nilima, A. and O'Dell, J. and O'Neill, F. G. and O'Sullivan, K. and Olcina, I. and Olevitch, M. A. and Oliver-Mallory, K. C. and Orpwood, J. and Pagenkopf, D. and Pal, S. and Palladino, K. J. and Palmer, J. and Pangilinan, M. and Parveen, N. and Patton, S. J. and Pease, E. K. and Penning, B. and Pereira, C. and Pereira, G. and Perry, E. and Pershing, T. and Peterson, I. B. and Piepke, A. and Podczerwinski, J. and Porzio, D. and Powell, S. and Preece, R. M. and Pushkin, K. and Qie, Y. and Ratcliff, B. N. and Reichenbacher, J. and Reichhart, L. and Rhyne, C. A. and Richards, A. and Riffard, Q. and Rischbieter, G. R. C. and Rodrigues, J. P. and Rodriguez, A. and Rose, H. J. and Rosero, R. and Rossiter, P. and Rushton, T. and Rutherford, G. and Rynders, D. and Saba, J. S. and Santone, D. and Sazzad, A. B. M. R. and Schnee, R. W. and Scovell, P. R. and Seymour, D. and Shaw, S. and Shutt, T. and Silk, J. J. and Silva, C. and Sinev, G. and Skarpaas, K. and Skulski, W. and Smith, R. and Solmaz, M. and Solovov, V. N. and Sorensen, P. and Soria, J. and Stancu, I. and Stark, M. R. and Stevens, A. and Stiegler, T. M. and Stifter, K. and Studley, R. and Suerfu, B. and Sumner, T. J. and Sutcliffe, P. and Swanson, N. and Szydagis, M. and Tan, M. and Taylor, D. J. and Taylor, R. and Taylor, W. C. and Temples, D. J. and Tennyson, B. P. and Terman, P. A. and Thomas, K. J. and Tiedt, D. R. and Timalsina, M. and To, W. H. and Tom\'as, A. and Tong, Z. and Tovey, D. R. and Tranter, J. and Trask, M. and Tripathi, M. and Tronstad, D. R. and Tull, C. E. and Turner, W. and Tvrznikova, L. and Utku, U. and Va'vra, J. and Vacheret, A. and Vaitkus, A. C. and Verbus, J. R. and Voirin, E. and Waldron, W. L. and Wang, A. and Wang, B. and Wang, J. J. and Wang, W. and Wang, Y. and Watson, J. R. and Webb, R. C. and White, A. and White, D. T. and White, J. T. and White, R. G. and Whitis, T. J. and Williams, M. and Wisniewski, W. J. and Witherell, M. S. and Wolfs, F. L. H. and Wolfs, J. D. and Woodford, S. and Woodward, D. and Worm, S. D. and Wright, C. J. and Xia, Q. and Xiang, X. and Xiao, Q. and Xu, J. and Yeh, M. and Yin, J. and Young, I. and Zarzhitsky, P. and Zuckerman, A. and Zweig, E. A.},
    collaboration = {LUX--ZEPLIN Collaboration},
    journal = {Phys. Rev. Lett.},
    volume = {131},
    issue = {4},
    pages = {041002},
    numpages = {11},
    year = {2023},
    month = {Jul},
    publisher = {American Physical Society},
    doi = {10.1103/PhysRevLett.131.041002},
    url = {https://link.aps.org/doi/10.1103/PhysRevLett.131.041002},
}

@article{pandax2020,
    title = {Results of dark matter search using the full PandaX-II exposure *},
    author = {Qiuhong Wang and Abdusalam Abdukerim and Wei Chen and Xun Chen and Yunhua Chen and Chen Cheng and Xiangyi Cui and Yingjie Fan and Deqing Fang and Changbo Fu and Mengting Fu and Lisheng Geng and Karl Giboni and Linhui Gu and Xuyuan Guo and Ke Han and Changda He and Di Huang and Yan Huang and Yanlin Huang and Zhou Huang and Xiangdong Ji and Yonglin Ju and Shuaijie Li and Huaxuan Liu and Jianglai Liu and Wenbo Ma and Yugang Ma and Yajun Mao and Yue Meng and Kaixiang Ni and Jinhua Ning and Xuyang Ning and Xiangxiang Ren and Changsong Shang and Lin Si and Guofang Shen and Andi Tan and Anqing Wang and Hongwei Wang and Meng Wang and Siguang Wang and Wei Wang and Xiuli Wang and Zhou Wang and Mengmeng Wu and Shiyong Wu and Weihao Wu and Jingkai Xia and Mengjiao Xiao and Pengwei Xie and Binbin Yan and Jijun Yang and Yong Yang and Chunxu Yu and Jumin Yuan and Ying Yuan and Xinning Zeng and Dan Zhang and Tao Zhang and Li Zhao and Qibin Zheng and Jifang Zhou and Ning Zhou and Xiaopeng Zhou and (PandaX-II Collaboration)},
    journal = {Chinese Physics C},
    volume = {44},
    number = {12},
    pages = {125001},
    year = {2020},
    month = {dec},
    publisher = {Chinese Physical Society and the Institute of High Energy Physics of the Chinese Academy of Sciences and the Institute of Modern Physics of the Chinese Academy of Sciences and IOP Publishing Ltd},
    doi = {10.1088/1674-1137/abb658},
    url = {https://dx.doi.org/10.1088/1674-1137/abb658},
}

@article{PhysRevLett.127.061801,
    title = {Light Dark Matter Search with a High-Resolution Athermal Phonon Detector Operated above Ground},
    author = {Alkhatib, I. and Amaral, D.~W.~P. and Aralis, T. and Aramaki, T. and Arnquist, I.~J. and Ataee Langroudy, I. and Azadbakht, E. and Banik, S. and Barker, D. and Bathurst, C. et al},
    journal = {Phys. Rev. Lett.},
    volume = {127},
    number = {6},
    year = {2021},
    month = {Aug},
    ISSN = {1079-7114},
    doi = {10.1103/physrevlett.127.061801},
    url = {http://dx.doi.org/10.1103/PhysRevLett.127.061801},
}

@article{PhysRevLett.123.161301,
    title = {Constraints on Spin-Independent Nucleus Scattering with sub-GeV Weakly Interacting Massive Particle Dark Matter from the CDEX-1B Experiment at the China Jinping Underground Laboratory},
    author = {Liu, Z. Z. and Yue, Q. and Yang, L. T. and Kang, K. J. and Li, Y. J. and Wong, H. T. and Agartioglu, M. and An, H. P. and Chang, J. P. and Chen, J. H. and Chen, Y. H. and Cheng, J. P. and Deng, Z. and Du, Q. and Gong, H. and Guo, X. Y. and Guo, Q. J. and He, L. and He, S. M. and Hu, J. W. and Hu, Q. D. and Huang, H. X. and Jia, L. P. and Jiang, H. and Li, H. B. and Li, H. and Li, J. M. and Li, J. and Li, X. and Li, X. Q. and Li, Y. L. and Liao, B. and Lin, F. K. and Lin, S. T. and Liu, S. K. and Liu, Y. D. and Liu, Y. Y. and Ma, H. and Ma, J. L. and Mao, Y. C. and Ning, J. H. and Pan, H. and Qi, N. C. and Ren, J. and Ruan, X. C. and Sharma, V. and She, Z. and Singh, L. and Singh, M. K. and Sun, T. X. and Tang, C. J. and Tang, W. Y. and Tian, Y. and Wang, G. F. and Wang, L. and Wang, Q. and Wang, Y. and Wang, Y. X. and Wu, S. Y. and Wu, Y. C. and Xing, H. Y. and Xu, Y. and Xue, T. and Yi, N. and Yu, C. X. and Yu, H. J. and Yue, J. F. and Zeng, M. and Zeng, Z. and Zhang, F. S. and Zhao, M. G. and Zhou, J. F. and Zhou, Z. Y. and Zhu, J. J.},
    collaboration = {CDEX Collaboration},
    journal = {Phys. Rev. Lett.},
    volume = {123},
    issue = {16},
    pages = {161301},
    numpages = {5},
    year = {2019},
    month = {Oct},
    publisher = {American Physical Society},
    doi = {10.1103/PhysRevLett.123.161301},
    url = {https://link.aps.org/doi/10.1103/PhysRevLett.123.161301},
}

@article{PhysRevLett.123.221301,
    title = {Search for Light Weakly-Interacting-Massive-Particle Dark Matter by Annual Modulation Analysis with a Point-Contact Germanium Detector at the China Jinping Underground Laboratory},
    author = {Yang, L. T. and Li, H. B. and Yue, Q. and Ma, H. and Kang, K. J. and Li, Y. J. and Wong, H. T. and Agartioglu, M. and An, H. P. and Chang, J. P. and Chen, J. H. and Chen, Y. H. and Cheng, J. P. and Deng, Z. and Du, Q. and Gong, H. and Guo, Q. J. and He, L. and Hu, J. W. and Hu, Q. D. and Huang, H. X. and Jia, L. P. and Jiang, H. and Li, H. and Li, J. M. and Li, J. and Li, X. and Li, X. Q. and Li, Y. L. and Liao, B. and Lin, F. K. and Lin, S. T. and Liu, S. K. and Liu, Y. D. and Liu, Y. Y. and Liu, Z. Z. and Ma, J. L. and Mao, Y. C. and Pan, H. and Ren, J. and Ruan, X. C. and Sharma, V. and She, Z. and Shen, M. B. and Singh, L. and Singh, M. K. and Sun, T. X. and Tang, C. J. and Tang, W. Y. and Tian, Y. and Wang, G. F. and Wang, J. M. and Wang, L. and Wang, Q. and Wang, Y. and Wang, Y. X. and Wu, S. Y. and Wu, Y. C. and Xing, H. Y. and Xu, Y. and Xue, T. and Yi, N. and Yu, C. X. and Yu, H. J. and Yue, J. F. and Zeng, X. H. and Zeng, M. and Zeng, Z. and Zhang, F. S. and Zhang, Y. H. and Zhao, M. G. and Zhou, J. F. and Zhou, Z. Y. and Zhu, J. J. and Zhu, Z. H.},
    collaboration = {CDEX Collaboration},
    journal = {Phys. Rev. Lett.},
    volume = {123},
    issue = {22},
    pages = {221301},
    numpages = {5},
    year = {2019},
    month = {Nov},
    publisher = {American Physical Society},
    doi = {10.1103/PhysRevLett.123.221301},
    url = {https://link.aps.org/doi/10.1103/PhysRevLett.123.221301},
}

@article{PhysRevLett.123.161301,
    title = {Constraints on Spin-Independent Nucleus Scattering with sub-GeV Weakly Interacting Massive Particle Dark Matter from the CDEX-1B Experiment at the China Jinping Underground Laboratory},
    author = {Liu, Z. Z. and Yue, Q. and Yang, L. T. and Kang, K. J. and Li, Y. J. and Wong, H. T. and Agartioglu, M. and An, H. P. and Chang, J. P. and Chen, J. H. and Chen, Y. H. and Cheng, J. P. and Deng, Z. and Du, Q. and Gong, H. and Guo, X. Y. and Guo, Q. J. and He, L. and He, S. M. and Hu, J. W. and Hu, Q. D. and Huang, H. X. and Jia, L. P. and Jiang, H. and Li, H. B. and Li, H. and Li, J. M. and Li, J. and Li, X. and Li, X. Q. and Li, Y. L. and Liao, B. and Lin, F. K. and Lin, S. T. and Liu, S. K. and Liu, Y. D. and Liu, Y. Y. and Ma, H. and Ma, J. L. and Mao, Y. C. and Ning, J. H. and Pan, H. and Qi, N. C. and Ren, J. and Ruan, X. C. and Sharma, V. and She, Z. and Singh, L. and Singh, M. K. and Sun, T. X. and Tang, C. J. and Tang, W. Y. and Tian, Y. and Wang, G. F. and Wang, L. and Wang, Q. and Wang, Y. and Wang, Y. X. and Wu, S. Y. and Wu, Y. C. and Xing, H. Y. and Xu, Y. and Xue, T. and Yi, N. and Yu, C. X. and Yu, H. J. and Yue, J. F. and Zeng, M. and Zeng, Z. and Zhang, F. S. and Zhao, M. G. and Zhou, J. F. and Zhou, Z. Y. and Zhu, J. J.},
    collaboration = {CDEX Collaboration},
    journal = {Phys. Rev. Lett.},
    volume = {123},
    issue = {16},
    pages = {161301},
    numpages = {5},
    year = {2019},
    month = {Oct},
    publisher = {American Physical Society},
    doi = {10.1103/PhysRevLett.123.161301},
    url = {https://link.aps.org/doi/10.1103/PhysRevLett.123.161301},
}

@article{PhysRevD.100.102002,
    title = {First results from the CRESST-III low-mass dark matter program},
    author = {Abdelhameed, A.~H. and Angloher, G. and Bauer, P. and Bento, A. and Bertoldo, E. and Bucci, C. and Canonica, L. and D'Addabbo, A. and Defay, X. and Di Lorenzo, S. and et al.},
    journal = {Phys. Rev. D},
    volume = {100},
    number = {10},
    ISSN = {2470-0029},
    year = {2019},
    month = {Nov},
    publisher = {American Physical Society},
    doi = {10.1103/physrevd.100.102002},
    url = {http://dx.doi.org/10.1103/PhysRevD.100.102002},
}

@article{epjc/s10052-019-7126-4,
    title = {First results on sub-GeV spin-dependent dark matter interactions with $$^{7}$$Li},
    author = {Abdelhameed, A. H. and Angloher, G. and Bauer, P. and Bento, A. and Bertoldo, E. and Bucci, C. and Canonica, L. and D'Addabbo, A. and Defay, X. and et al.},
    journal = {Eur. Phys. J. C},
    volume = {79},
    number = {7},
    ISSN = {1434-6052},
    year = {2019},
    month = {Jul},
    publisher = {Springer Science and Business Media LLC},
    doi = {10.1140/epjc/s10052-019-7126-4},
    url = {http://dx.doi.org/10.1140/epjc/s10052-019-7126-4},
}

@article{epjc/s10052-019-7126-4,
    title = {First results on sub-GeV spin-dependent dark matter interactions with $$^{7}$$Li},
    author = {Abdelhameed, A. H. and Angloher, G. and Bauer, P. and Bento, A. and Bertoldo, E. and Bucci, C. and Canonica, L. and D'Addabbo, A. and Defay, X. and et al.},
    journal = {Eur. Phys. J. C},
    volume = {79},
    number = {7},
    ISSN = {1434-6052},
    year = {2019},
    month = {Jul},
    publisher = {Springer Science and Business Media LLC},
    doi = {10.1140/epjc/s10052-019-7126-4},
    url = {http://dx.doi.org/10.1140/epjc/s10052-019-7126-4},
}

@article{PhysRevD.100.022004,
    title = {Search for dark matter with a 231-day exposure of liquid argon using DEAP-3600 at SNOLAB},
    author = {Ajaj, R. and Amaudruz, P.-A. and Araujo, G. R. and Baldwin, M. and Batygov, M. and Beltran, B. and Bina, C. E. and Bonatt, J. and Boulay, M. G. and Broerman, B. and Bueno, J. F. and Burghardt, P. M. and Butcher, A. and Cai, B. and Cavuoti, S. and Chen, M. and Chen, Y. and Cleveland, B. T. and Cranshaw, D. and Dering, K. and DiGioseffo, J. and Doria, L. and Duncan, F. A. and Dunford, M. and Erlandson, A. and Fatemighomi, N. and Fiorillo, G. and Florian, S. and Flower, A. and Ford, R. J. and Gagnon, R. and Gallacher, D. and Garc\'es, E. A. and Garg, S. and Giampa, P. and Goeldi, D. and Golovko, V. V. and Gorel, P. and Graham, K. and Grant, D. R. and Hallin, A. L. and Hamstra, M. and Harvey, P. J. and Hearns, C. and Joy, A. and Jillings, C. J. and Kamaev, O. and Kaur, G. and Kemp, A. and Kochanek, I. and Ku\'{z}niak, M. and Langrock, S. and La Zia, F. and Lehnert, B. and Li, X. and Lidgard, J. and Lindner, T. and Litvinov, O. and Lock, J. and Longo, G. and Majewski, P. and McDonald, A. B. and McElroy, T. and McGinn, T. and McLaughlin, J. B. and Mehdiyev, R. and Mielnichuk, C. and Monroe, J. and Nadeau, P. and Nantais, C. and Ng, C. and Noble, A. J. and O'Dwyer, E. and Ouellet, C. and Pasuthip, P. and Peeters, S. J. M. and Piro, M.-C. and Pollmann, T. R. and Rand, E. T. and Rethmeier, C. and Reti\`ere, F. and Seeburn, N. and Singhrao, K. and Skensved, P. and Smith, B. and Smith, N. J. T. and Sonley, T. and Soukup, J. and Stainforth, R. and Stone, C. and Strickland, V. and Sur, B. and Tang, J. and V\'azquez-J\'auregui, E. and Veloce, L. and Viel, S. and Walding, J. and Waqar, M. and Ward, M. and Westerdale, S. and Willis, J. and Zu\~niga-Reyes, A.},
    collaboration = {DEAP Collaboration},
    journal = {Phys. Rev. D},
    volume = {100},
    issue = {2},
    pages = {022004},
    numpages = {25},
    year = {2019},
    month = {Jul},
    publisher = {American Physical Society},
    doi = {10.1103/PhysRevD.100.022004},
    url = {https://link.aps.org/doi/10.1103/PhysRevD.100.022004},
}

@article{PhysRevLett.122.131301,
    title = {Results of a Search for Sub-GeV Dark Matter Using 2013 LUX Data},
    author = {Akerib, D. S. and Alsum, S. and Ara\'ujo, H. M. and Bai, X. and Balajthy, J. and Beltrame, P. and Bernard, E. P. and Bernstein, A. and Biesiadzinski, T. P. and Boulton, E. M. and Boxer, B. and Br\'as, P. and Burdin, S. and Byram, D. and Carmona-Benitez, M. C. and Chan, C. and Cutter, J. E. and Davison, T. J. R. and Druszkiewicz, E. and Fallon, S. R. and Fan, A. and Fiorucci, S. and Gaitskell, R. J. and Genovesi, J. and Ghag, C. and Gilchriese, M. G. D. and Gwilliam, C. and Hall, C. R. and Haselschwardt, S. J. and Hertel, S. A. and Hogan, D. P. and Horn, M. and Huang, D. Q. and Ignarra, C. M. and Jacobsen, R. G. and Jahangir, O. and Ji, W. and Kamdin, K. and Kazkaz, K. and Khaitan, D. and Knoche, R. and Korolkova, E. V. and Kravitz, S. and Kudryavtsev, V. A. and Lenardo, B. G. and Lesko, K. T. and Liao, J. and Lin, J. and Lindote, A. and Lopes, M. I. and Manalaysay, A. and Mannino, R. L. and Marangou, N. and Marzioni, M. F. and McKinsey, D. N. and Mei, D.-M. and Moongweluwan, M. and Morad, J. A. and Murphy, A. St. J. and Naylor, A. and Nehrkorn, C. and Nelson, H. N. and Neves, F. and Oliver-Mallory, K. C. and Palladino, K. J. and Pease, E. K. and Riffard, Q. and Rischbieter, G. R. C. and Rhyne, C. and Rossiter, P. and Shaw, S. and Shutt, T. A. and Silva, C. and Solmaz, M. and Solovov, V. N. and Sorensen, P. and Sumner, T. J. and Szydagis, M. and Taylor, D. J. and Taylor, W. C. and Tennyson, B. P. and Terman, P. A. and Tiedt, D. R. and To, W. H. and Tripathi, M. and Tvrznikova, L. and Utku, U. and Uvarov, S. and Velan, V. and Webb, R. C. and White, J. T. and Whitis, T. J. and Witherell, M. S. and Wolfs, F. L. H. and Woodward, D. and Xu, J. and Yazdani, K. and Zhang, C.},
    collaboration = {LUX Collaboration},
    journal = {Phys. Rev. Lett.},
    volume = {122},
    issue = {13},
    pages = {131301},
    numpages = {7},
    year = {2019},
    month = {Apr},
    publisher = {American Physical Society},
    doi = {10.1103/PhysRevLett.122.131301},
    url = {https://link.aps.org/doi/10.1103/PhysRevLett.122.131301},
}

@article{PhysRevLett.122.131301,
    title = {Results of a Search for Sub-GeV Dark Matter Using 2013 LUX Data},
    author = {Akerib, D. S. and Alsum, S. and Ara\'ujo, H. M. and Bai, X. and Balajthy, J. and Beltrame, P. and Bernard, E. P. and Bernstein, A. and Biesiadzinski, T. P. and Boulton, E. M. and Boxer, B. and Br\'as, P. and Burdin, S. and Byram, D. and Carmona-Benitez, M. C. and Chan, C. and Cutter, J. E. and Davison, T. J. R. and Druszkiewicz, E. and Fallon, S. R. and Fan, A. and Fiorucci, S. and Gaitskell, R. J. and Genovesi, J. and Ghag, C. and Gilchriese, M. G. D. and Gwilliam, C. and Hall, C. R. and Haselschwardt, S. J. and Hertel, S. A. and Hogan, D. P. and Horn, M. and Huang, D. Q. and Ignarra, C. M. and Jacobsen, R. G. and Jahangir, O. and Ji, W. and Kamdin, K. and Kazkaz, K. and Khaitan, D. and Knoche, R. and Korolkova, E. V. and Kravitz, S. and Kudryavtsev, V. A. and Lenardo, B. G. and Lesko, K. T. and Liao, J. and Lin, J. and Lindote, A. and Lopes, M. I. and Manalaysay, A. and Mannino, R. L. and Marangou, N. and Marzioni, M. F. and McKinsey, D. N. and Mei, D.-M. and Moongweluwan, M. and Morad, J. A. and Murphy, A. St. J. and Naylor, A. and Nehrkorn, C. and Nelson, H. N. and Neves, F. and Oliver-Mallory, K. C. and Palladino, K. J. and Pease, E. K. and Riffard, Q. and Rischbieter, G. R. C. and Rhyne, C. and Rossiter, P. and Shaw, S. and Shutt, T. A. and Silva, C. and Solmaz, M. and Solovov, V. N. and Sorensen, P. and Sumner, T. J. and Szydagis, M. and Taylor, D. J. and Taylor, W. C. and Tennyson, B. P. and Terman, P. A. and Tiedt, D. R. and To, W. H. and Tripathi, M. and Tvrznikova, L. and Utku, U. and Uvarov, S. and Velan, V. and Webb, R. C. and White, J. T. and Whitis, T. J. and Witherell, M. S. and Wolfs, F. L. H. and Woodward, D. and Xu, J. and Yazdani, K. and Zhang, C.},
    collaboration = {LUX Collaboration},
    journal = {Phys. Rev. Lett.},
    volume = {122},
    issue = {13},
    pages = {131301},
    numpages = {7},
    year = {2019},
    month = {Apr},
    publisher = {American Physical Society},
    doi = {10.1103/PhysRevLett.122.131301},
    url = {https://link.aps.org/doi/10.1103/PhysRevLett.122.131301},
}

@article{PhysRevD.100.022001,
    title = {Dark matter search results from the complete exposure of the PICO-60 C3F8 bubble chamber},
    author = {Amole, C. and Ardid, M. and Arnquist, I.~J. and Asner, D.~M. and Baxter, D. and Behnke, E. and Bressler, M. and Broerman, B. and Cao, G. and Chen, C.~J. and et al.},
    journal = {Phys. Rev. D},
    volume = {100},
    ISSN = {2470-0029},
    year = {2019},
    month = {Jul},
    publisher = {American Physical Society},
    doi = {10.1103/physrevd.100.022001},
    url = {http://dx.doi.org/10.1103/PhysRevD.100.022001},
}

@article{PhysRevD.100.022001,
    title = {Dark matter search results from the complete exposure of the PICO-60 C3F8 bubble chamber},
    author = {Amole, C. and Ardid, M. and Arnquist, I.~J. and Asner, D.~M. and Baxter, D. and Behnke, E. and Bressler, M. and Broerman, B. and Cao, G. and Chen, C.~J. and et al.},
    journal = {Phys. Rev. D},
    volume = {100},
    ISSN = {2470-0029},
    year = {2019},
    month = {Jul},
    publisher = {American Physical Society},
    doi = {10.1103/physrevd.100.022001},
    url = {http://dx.doi.org/10.1103/PhysRevD.100.022001},
}

@article{PhysRevLett.123.251801,
    title = {Light Dark Matter Search with Ionization Signals in XENON1T},
    author = {Aprile, E. and Aalbers, J. and Agostini, F. and Alfonsi, M. and Althueser, L. and Amaro, F.~D. and Antochi, V.~C. and Angelino, E. and Arneodo, F. and Barge, D. and et al.},
    journal = {Phys. Rev. Lett.},
    volume = {123},
    number = {25},
    ISSN = {1079-7114},
    year = {2019},
    month = {Dec},
    publisher = {American Physical Society},
    doi = {10.1103/physrevlett.123.251801},
    url = {http://dx.doi.org/10.1103/PhysRevLett.123.251801},
}

@article{PhysRevLett.123.241803,
    title = {A Search for Light Dark Matter Interactions Enhanced by the Migdal effect or Bremsstrahlung in XENON1T},
    author = {Aprile, E. and Aalbers, J. and Agostini, F. and Alfonsi, M. and Althueser, L. and Amaro, F. D. and Antochi, V. C. and Angelino, E. and Arneodo, F. and Barge, D. and Baudis, L. and Bauermeister, B. and Bellagamba, L. and Benabderrahmane, M. L. and Berger, T. and Breur, P. A. and Brown, A. and Brown, E. and Bruenner, S. and Bruno, G. and Budnik, R. and Capelli, C. and Cardoso, J. M. R. and Cichon, D. and Coderre, D. and Colijn, A. P. and Conrad, J. and Cussonneau, J. P. and Decowski, M. P. and de Perio, P. and Depoian, A. and Di Gangi, P. and Di Giovanni, A. and Diglio, S. and Elykov, A. and Eurin, G. and Fei, J. and Ferella, A. D. and Fieguth, A. and Fulgione, W. and Gaemers, P. and Gallo Rosso, A. and Galloway, M. and Gao, F. and Garbini, M. and Grandi, L. and Greene, Z. and Hasterok, C. and Hils, C. and Hogenbirk, E. and Howlett, J. and Iacovacci, M. and Itay, R. and Joerg, F. and Kazama, S. and Kish, A. and Kobayashi, M. and Koltman, G. and Kopec, A. and Landsman, H. and Lang, R. F. and Levinson, L. and Lin, Q. and Lindemann, S. and Lindner, M. and Lombardi, F. and Lopes, J. A. M. and L\'opez Fune, E. and Macolino, C. and Mahlstedt, J. and Manenti, M. and Manfredini, A. and Marignetti, F. and Marrod\'an Undagoitia, T. and Masbou, J. and Mastroianni, S. and Messina, M. and Micheneau, K. and Miller, K. and Molinario, A. and Mor\aa{}, K. and Mosbacher, Y. and Murra, M. and Naganoma, J. and Ni, K. and Oberlack, U. and Odgers, K. and Palacio, J. and Pelssers, B. and Peres, R. and Pienaar, J. and Pizzella, V. and Plante, G. and Podviianiuk, R. and Qin, J. and Qiu, H. and Ram\'{\i}rez Garc\'{\i}a, D. and Reichard, S. and Riedel, B. and Rocchetti, A. and Rupp, N. and dos Santos, J. M. F. and Sartorelli, G. and \v{S}ar\v{c}evi\'{c}, N. and Scheibelhut, M. and Schindler, S. and Schreiner, J. and Schulte, D. and Schumann, M. and Scotto Lavina, L. and Selvi, M. and Shagin, P. and Shockley, E. and Silva, M. and Simgen, H. and Therreau, C. and Thers, D. and Toschi, F. and Trinchero, G. and Tunnell, C. and Upole, N. and Vargas, M. and Volta, G. and Wack, O. and Wang, H. and Wei, Y. and Weinheimer, C. and Wenz, D. and Wittweg, C. and Wulf, J. and Ye, J. and Zhang, Y. and Zhu, T. and Zopounidis, J. P.},
    journal = {Phys. Rev. Lett.},
    volume = {123},
    number = {24},
    pages = {241803},
    numpages = {7},
    year = {2019},
    month = {Dec},
    publisher = {American Physical Society},
    doi = {10.1103/physrevlett.123.241803},
    url = {http://dx.doi.org/10.1103/PhysRevLett.123.241803},
}

@article{PhysRevLett.123.241803,
    title = {A Search for Light Dark Matter Interactions Enhanced by the Migdal effect or Bremsstrahlung in XENON1T},
    author = {Aprile, E. and Aalbers, J. and Agostini, F. and Alfonsi, M. and Althueser, L. and Amaro, F. D. and Antochi, V. C. and Angelino, E. and Arneodo, F. and Barge, D. and Baudis, L. and Bauermeister, B. and Bellagamba, L. and Benabderrahmane, M. L. and Berger, T. and Breur, P. A. and Brown, A. and Brown, E. and Bruenner, S. and Bruno, G. and Budnik, R. and Capelli, C. and Cardoso, J. M. R. and Cichon, D. and Coderre, D. and Colijn, A. P. and Conrad, J. and Cussonneau, J. P. and Decowski, M. P. and de Perio, P. and Depoian, A. and Di Gangi, P. and Di Giovanni, A. and Diglio, S. and Elykov, A. and Eurin, G. and Fei, J. and Ferella, A. D. and Fieguth, A. and Fulgione, W. and Gaemers, P. and Gallo Rosso, A. and Galloway, M. and Gao, F. and Garbini, M. and Grandi, L. and Greene, Z. and Hasterok, C. and Hils, C. and Hogenbirk, E. and Howlett, J. and Iacovacci, M. and Itay, R. and Joerg, F. and Kazama, S. and Kish, A. and Kobayashi, M. and Koltman, G. and Kopec, A. and Landsman, H. and Lang, R. F. and Levinson, L. and Lin, Q. and Lindemann, S. and Lindner, M. and Lombardi, F. and Lopes, J. A. M. and L\'opez Fune, E. and Macolino, C. and Mahlstedt, J. and Manenti, M. and Manfredini, A. and Marignetti, F. and Marrod\'an Undagoitia, T. and Masbou, J. and Mastroianni, S. and Messina, M. and Micheneau, K. and Miller, K. and Molinario, A. and Mor\aa{}, K. and Mosbacher, Y. and Murra, M. and Naganoma, J. and Ni, K. and Oberlack, U. and Odgers, K. and Palacio, J. and Pelssers, B. and Peres, R. and Pienaar, J. and Pizzella, V. and Plante, G. and Podviianiuk, R. and Qin, J. and Qiu, H. and Ram\'{\i}rez Garc\'{\i}a, D. and Reichard, S. and Riedel, B. and Rocchetti, A. and Rupp, N. and dos Santos, J. M. F. and Sartorelli, G. and \v{S}ar\v{c}evi\'{c}, N. and Scheibelhut, M. and Schindler, S. and Schreiner, J. and Schulte, D. and Schumann, M. and Scotto Lavina, L. and Selvi, M. and Shagin, P. and Shockley, E. and Silva, M. and Simgen, H. and Therreau, C. and Thers, D. and Toschi, F. and Trinchero, G. and Tunnell, C. and Upole, N. and Vargas, M. and Volta, G. and Wack, O. and Wang, H. and Wei, Y. and Weinheimer, C. and Wenz, D. and Wittweg, C. and Wulf, J. and Ye, J. and Zhang, Y. and Zhu, T. and Zopounidis, J. P.},
    journal = {Phys. Rev. Lett.},
    volume = {123},
    number = {24},
    pages = {241803},
    numpages = {7},
    year = {2019},
    month = {Dec},
    publisher = {American Physical Society},
    doi = {10.1103/physrevlett.123.241803},
    url = {http://dx.doi.org/10.1103/PhysRevLett.123.241803},
}

@article{PhysRevLett.123.251801,
    title = {Light Dark Matter Search with Ionization Signals in XENON1T},
    author = {Aprile, E. and Aalbers, J. and Agostini, F. and Alfonsi, M. and Althueser, L. and Amaro, F.~D. and Antochi, V.~C. and Angelino, E. and Arneodo, F. and Barge, D. and et al.},
    journal = {Phys. Rev. Lett.},
    volume = {123},
    number = {25},
    ISSN = {1079-7114},
    year = {2019},
    month = {Dec},
    publisher = {American Physical Society},
    doi = {10.1103/physrevlett.123.251801},
    url = {http://dx.doi.org/10.1103/PhysRevLett.123.251801},
}

@article{PhysRevLett.120.241301,
    title = {Limits on Light Weakly Interacting Massive Particles from the First $102.8\text{ kg}\times\text{day}$ Data of the CDEX-10 Experiment},
    author = {Jiang, H. and Jia, L. P. and Yue, Q. and Kang, K. J. and Cheng, J. P. and Li, Y. J. and Wong, H. T. and Agartioglu, M. and An, H. P. and Chang, J. P. and Chen, J. H. and Chen, Y. H. and Deng, Z. and Du, Q. and Gong, H. and He, L. and Hu, J. W. and Hu, Q. D. and Huang, H. X. and Li, H. B. and Li, H. and Li, J. M. and Li, J. and Li, X. and Li, X. Q. and Li, Y. L. and Liao, B. and Lin, F. K. and Lin, S. T. and Liu, S. K. and Liu, Y. D. and Liu, Y. Y. and Liu, Z. Z. and Ma, H. and Ma, J. L. and Pan, H. and Ren, J. and Ruan, X. C. and Sevda, B. and Sharma, V. and Shen, M. B. and Singh, L. and Singh, M. K. and Sun, T. X. and Tang, C. J. and Tang, W. Y. and Tian, Y. and Wang, G. F. and Wang, J. M. and Wang, L. and Wang, Q. and Wang, Y. and Wu, S. Y. and Wu, Y. C. and Xing, H. Y. and Xu, Y. and Xue, T. and Yang, L. T. and Yang, S. W. and Yi, N. and Yu, C. X. and Yu, H. J. and Yue, J. F. and Zeng, X. H. and Zeng, M. and Zeng, Z. and Zhang, F. S. and Zhang, Y. H. and Zhao, M. G. and Zhou, J. F. and Zhou, Z. Y. and Zhu, J. J. and Zhu, Z. H.},
    collaboration = {CDEX Collaboration},
    journal = {Phys. Rev. Lett.},
    volume = {120},
    issue = {24},
    pages = {241301},
    numpages = {5},
    year = {2018},
    month = {Jun},
    publisher = {American Physical Society},
    doi = {10.1103/PhysRevLett.120.241301},
    url = {https://link.aps.org/doi/10.1103/PhysRevLett.120.241301},
}

@article{PhysRevD.97.022002,
    title = {Low-mass dark matter search with CDMSlite},
    author = {Agnese, R. and Anderson, A. J. and Aralis, T. and Aramaki, T. and Arnquist, I. J. and Baker, W. and Balakishiyeva, D. and Barker, D. and Basu Thakur, R. and Bauer, D. A. and Binder, T. and Bowles, M. A. and Brink, P. L. and Bunker, R. and Cabrera, B. and Caldwell, D. O. and Calkins, R. and Cartaro, C. and Cerde\~no, D. G. and Chang, Y. and Chagani, H. and Chen, Y. and Cooley, J. and Cornell, B. and Cushman, P. and Daal, M. and Di Stefano, P. C. F. and Doughty, T. and Esteban, L. and Fascione, E. and Figueroa-Feliciano, E. and Fritts, M. and Gerbier, G. and Ghaith, M. and Godfrey, G. L. and Golwala, S. R. and Hall, J. and Harris, H. R. and Hong, Z. and Hoppe, E. W. and Hsu, L. and Huber, M. E. and Iyer, V. and Jardin, D. and Jastram, A. and Jena, C. and Kelsey, M. H. and Kennedy, A. and Kubik, A. and Kurinsky, N. A. and Leder, A. and Loer, B. and Lopez Asamar, E. and Lukens, P. and MacDonell, D. and Mahapatra, R. and Mandic, V. and Mast, N. and Miller, E. H. and Mirabolfathi, N. and Moffatt, R. A. and Mohanty, B. and Morales Mendoza, J. D. and Nelson, J. and Orrell, J. L. and Oser, S. M. and Page, K. and Page, W. A. and Partridge, R. and Pepin, M. and Pe\~nalver Martinez, M. and Phipps, A. and Poudel, S. and Pyle, M. and Qiu, H. and Rau, W. and Redl, P. and Reisetter, A. and Reynolds, T. and Roberts, A. and Robinson, A. E. and Rogers, H. E. and Saab, T. and Sadoulet, B. and Sander, J. and Schneck, K. and Schnee, R. W. and Scorza, S. and Senapati, K. and Serfass, B. and Speller, D. and Stein, M. and Street, J. and Tanaka, H. A. and Toback, D. and Underwood, R. and Villano, A. N. and von Krosigk, B. and Welliver, B. and Wilson, J. S. and Wilson, M. J. and Wright, D. H. and Yellin, S. and Yen, J. J. and Young, B. A. and Zhang, X. and Zhao, X.},
    collaboration = {SuperCDMS Collaboration},
    journal = {Phys. Rev. D},
    volume = {97},
    issue = {2},
    pages = {022002},
    numpages = {30},
    year = {2018},
    month = {Jan},
    publisher = {American Physical Society},
    doi = {10.1103/PhysRevD.97.022002},
    url = {https://link.aps.org/doi/10.1103/PhysRevD.97.022002},
}

@article{PhysRevD.97.022002,
    title = {Low-mass dark matter search with CDMSlite},
    author = {Agnese, R. and Anderson, A. J. and Aralis, T. and Aramaki, T. and Arnquist, I. J. and Baker, W. and Balakishiyeva, D. and Barker, D. and Basu Thakur, R. and Bauer, D. A. and Binder, T. and Bowles, M. A. and Brink, P. L. and Bunker, R. and Cabrera, B. and Caldwell, D. O. and Calkins, R. and Cartaro, C. and Cerde\~no, D. G. and Chang, Y. and Chagani, H. and Chen, Y. and Cooley, J. and Cornell, B. and Cushman, P. and Daal, M. and Di Stefano, P. C. F. and Doughty, T. and Esteban, L. and Fascione, E. and Figueroa-Feliciano, E. and Fritts, M. and Gerbier, G. and Ghaith, M. and Godfrey, G. L. and Golwala, S. R. and Hall, J. and Harris, H. R. and Hong, Z. and Hoppe, E. W. and Hsu, L. and Huber, M. E. and Iyer, V. and Jardin, D. and Jastram, A. and Jena, C. and Kelsey, M. H. and Kennedy, A. and Kubik, A. and Kurinsky, N. A. and Leder, A. and Loer, B. and Lopez Asamar, E. and Lukens, P. and MacDonell, D. and Mahapatra, R. and Mandic, V. and Mast, N. and Miller, E. H. and Mirabolfathi, N. and Moffatt, R. A. and Mohanty, B. and Morales Mendoza, J. D. and Nelson, J. and Orrell, J. L. and Oser, S. M. and Page, K. and Page, W. A. and Partridge, R. and Pepin, M. and Pe\~nalver Martinez, M. and Phipps, A. and Poudel, S. and Pyle, M. and Qiu, H. and Rau, W. and Redl, P. and Reisetter, A. and Reynolds, T. and Roberts, A. and Robinson, A. E. and Rogers, H. E. and Saab, T. and Sadoulet, B. and Sander, J. and Schneck, K. and Schnee, R. W. and Scorza, S. and Senapati, K. and Serfass, B. and Speller, D. and Stein, M. and Street, J. and Tanaka, H. A. and Toback, D. and Underwood, R. and Villano, A. N. and von Krosigk, B. and Welliver, B. and Wilson, J. S. and Wilson, M. J. and Wright, D. H. and Yellin, S. and Yen, J. J. and Young, B. A. and Zhang, X. and Zhao, X.},
    collaboration = {SuperCDMS Collaboration},
    journal = {Phys. Rev. D},
    volume = {97},
    issue = {2},
    pages = {022002},
    numpages = {30},
    year = {2018},
    month = {Jan},
    publisher = {American Physical Society},
    doi = {10.1103/PhysRevD.97.022002},
    url = {https://link.aps.org/doi/10.1103/PhysRevD.97.022002},
}

@article{Nature.s41586-018-0739-1,
    title = {An experiment to search for dark-matter interactions using sodium iodide detectors},
    author = {Adhikari, Govinda and Adhikari, Pushparaj and de Souza, Estella Barbosa and Carlin, Nelson and Choi, Seonho and Djamal, Mitra and Ezeribe, Anthony C. and Ha, Chang Hyon and Hahn, Insik and Hubbard, Antonia J. F. and Jeon, Eunju and Jo, Jay Hyun and Joo, Hanwool and Kang, Woon Gu and Kang, Woosik and Kauer, Matthew and Kim, Bonghee and Kim, Hongjoo and Kim, Hyounggyu and Kim, Kyungwon and Kim, Nam Young and Kim, Sun Kee and Kim, Yeongduk and Kim, Yong-Hamb and Ko, Young Ju and Kudryavtsev, Vitaly A. and Lee, Hyun Su and Lee, Jaison and Lee, Jooyoung and Lee, Moo Hyun and Leonard, Douglas S. and Lynch, Warren A. and Maruyama, Reina H. and Mouton, Frederic and Olsen, Stephen L. and Park, Byungju and Park, Hyang Kyu and Park, Hyeonseo and Park, Jungsic and Park, Kangsoon and Pettus, Walter C. and Prihtiadi, Hafizh and Ra, Sejin and Rott, Carsten and Scarff, Andrew and Shin, Keon Ah and Spooner, Neil J. C. and Thompson, William G. and Yang, Liang and Yong, Seok Hyun and The COSINE-100 Collaboration},
    journal = {Nature},
    volume = {564},
    number = {7734},
    pages = {83--86},
    ISBN = {1476-4687},
    year = {2018},
    doi = {10.1038/s41586-018-0739-1},
    url = {https://doi.org/10.1038/s41586-018-0739-1},
}

@article{PhysRevD.98.102006,
    title = {DarkSide-50 532-day dark matter search with low-radioactivity argon},
    author = {Agnes, P. and Albuquerque, I.~F.~M. and Alexander, T. and Alton, A.~K. and Araujo, G.~R. and Ave, M. and Back, H.~O. and Baldin, B. and Batignani, G. and Biery, K. and et al.},
    journal = {Phys. Rev. D},
    volume = {98},
    number = {10},
    ISSN = {2470-0029},
    pages = {102006},
    year = {2018},
    month = {Nov},
    publisher = {American Physical Society},
    doi = {10.1103/physrevd.98.102006},
    url = {http://dx.doi.org/10.1103/PhysRevD.98.102006},
}

@article{PhysRevLett.121.081307,
    title = {ow-Mass Dark Matter Search with the DarkSide-50 Experiment},
    author = {Agnes, P. and Albuquerque, I. F. M. and Alexander, T. and Alton, A. K. and Araujo, G. R. and Asner, D. M. and Ave, M. and Back, H. O. and Baldin, B. and Batignani, G. and Biery, K. and Bocci, V. and Bonfini, G. and Bonivento, W. and Bottino, B. and Budano, F. and Bussino, S. and Cadeddu, M. and Cadoni, M. and Calaprice, F. and Caminata, A. and Canci, N. and Candela, A. and Caravati, M. and Cariello, M. and Carlini, M. and Carpinelli, M. and Catalanotti, S. and Cataudella, V. and Cavalcante, P. and Cavuoti, S. and Cereseto, R. and Chepurnov, A. and Cical\`o, C. and Cifarelli, L. and Cocco, A. G. and Covone, G. and D'Angelo, D. and D'Incecco, M. and D'Urso, D. and Davini, S. and De Candia, A. and De Cecco, S. and De Deo, M. and De Filippis, G. and De Rosa, G. and De Vincenzi, M. and Demontis, P. and Derbin, A. V. and Devoto, A. and Di Eusanio, F. and Di Pietro, G. and Dionisi, C. and Downing, M. and Edkins, E. and Empl, A. and Fan, A. and Fiorillo, G. and Fomenko, K. and Franco, D. and Gabriele, F. and Gabrieli, A. and Galbiati, C. and Garcia Abia, P. and Ghiano, Chiara and Giagu, S. and Giganti, C. and Giovanetti, G. K. and Gorchakov, O. and Goretti, A. M. and Granato, F. and Gromov, M. and Guan, M. and Guardincerri, Y. and Gulino, M. and Hackett, B. R. and Hassanshahi, M. H. and Herner, K. and Hosseini, B. and Hughes, D. and Humble, P. and Hungerford, E. V. and Ianni, Al. and Ianni, An. and Ippolito, V. and James, I. and Johnson, T. N. and Kahn, Y. and Keeter, K. and Kendziora, C. L. and Kochanek, I. and Koh, G. and Korablev, D. and Korga, G. and Kubankin, A. and Kuss, M. and La Commara, M. and Lai, M. and Li, X. and Lisanti, M. and Lissia, M. and Loer, B. and Longo, G. and Ma, Y. and Machado, A. A. and Machulin, I. N. and Mandarano, A. and Mapelli, L. and Mari, S. M. and Maricic, J. and Martoff, C. J. and Messina, A. and Meyers, P. D. and Milincic, R. and Mishra-Sharma, S. and Monte, A. and Morrocchi, M. and Mount, B. J. and Muratova, V. N. and Musico, P. and Nania, R. and Navrer Agasson, A. and Nozdrina, A. O. and Oleinik, A. and Orsini, M. and Ortica, F. and Pagani, L. and Pallavicini, M. and Pandola, L. and Pantic, E. and Paoloni, E. and Pazzona, F. and Pelczar, K. and Pelliccia, N. and Pesudo, V. and Pocar, A. and Pordes, S. and Poudel, S. S. and Pugachev, D. A. and Qian, H. and Ragusa, F. and Razeti, M. and Razeto, A. and Reinhold, B. and Renshaw, A. L. and Rescigno, M. and Riffard, Q. and Romani, A. and Rossi, B. and Rossi, N. and Sablone, D. and Samoylov, O. and Sands, W. and Sanfilippo, S. and Sant, M. and Santorelli, R. and Savarese, C. and Scapparone, E. and Schlitzer, B. and Segreto, E. and Semenov, D. A. and Shchagin, A. and Sheshukov, A. and Singh, P. N. and Skorokhvatov, M. D. and Smirnov, O. and Sotnikov, A. and Stanford, C. and Stracka, S. and Suffritti, G. B. and Suvorov, Y. and Tartaglia, R. and Testera, G. and Tonazzo, A. and Trinchese, P. and Unzhakov, E. V. and Verducci, M. and Vishneva, A. and Vogelaar, B. and Wada, M. and Waldrop, T. J. and Wang, H. and Wang, Y. and Watson, A. W. and Westerdale, S. and Wojcik, M. M. and Wojcik, M. and Xiang, X. and Xiao, X. and Yang, C. and Ye, Z. and Zhu, C. and Zichichi, A. and Zuzel, G.},
    collaboration = {DarkSide Collaboration},
    journal = {Phys. Rev. Lett.},
    volume = {121},
    issue = {8},
    pages = {081307},
    numpages = {8},
    year = {2018},
    month = {Aug},
    publisher = {American Physical Society},
    doi = {10.1103/PhysRevLett.121.081307},
    url = {https://link.aps.org/doi/10.1103/PhysRevLett.121.081307},
}

@article{PhysRevLett.121.081307,
    title = {ow-Mass Dark Matter Search with the DarkSide-50 Experiment},
    author = {Agnes, P. and Albuquerque, I. F. M. and Alexander, T. and Alton, A. K. and Araujo, G. R. and Asner, D. M. and Ave, M. and Back, H. O. and Baldin, B. and Batignani, G. and Biery, K. and Bocci, V. and Bonfini, G. and Bonivento, W. and Bottino, B. and Budano, F. and Bussino, S. and Cadeddu, M. and Cadoni, M. and Calaprice, F. and Caminata, A. and Canci, N. and Candela, A. and Caravati, M. and Cariello, M. and Carlini, M. and Carpinelli, M. and Catalanotti, S. and Cataudella, V. and Cavalcante, P. and Cavuoti, S. and Cereseto, R. and Chepurnov, A. and Cical\`o, C. and Cifarelli, L. and Cocco, A. G. and Covone, G. and D'Angelo, D. and D'Incecco, M. and D'Urso, D. and Davini, S. and De Candia, A. and De Cecco, S. and De Deo, M. and De Filippis, G. and De Rosa, G. and De Vincenzi, M. and Demontis, P. and Derbin, A. V. and Devoto, A. and Di Eusanio, F. and Di Pietro, G. and Dionisi, C. and Downing, M. and Edkins, E. and Empl, A. and Fan, A. and Fiorillo, G. and Fomenko, K. and Franco, D. and Gabriele, F. and Gabrieli, A. and Galbiati, C. and Garcia Abia, P. and Ghiano, Chiara and Giagu, S. and Giganti, C. and Giovanetti, G. K. and Gorchakov, O. and Goretti, A. M. and Granato, F. and Gromov, M. and Guan, M. and Guardincerri, Y. and Gulino, M. and Hackett, B. R. and Hassanshahi, M. H. and Herner, K. and Hosseini, B. and Hughes, D. and Humble, P. and Hungerford, E. V. and Ianni, Al. and Ianni, An. and Ippolito, V. and James, I. and Johnson, T. N. and Kahn, Y. and Keeter, K. and Kendziora, C. L. and Kochanek, I. and Koh, G. and Korablev, D. and Korga, G. and Kubankin, A. and Kuss, M. and La Commara, M. and Lai, M. and Li, X. and Lisanti, M. and Lissia, M. and Loer, B. and Longo, G. and Ma, Y. and Machado, A. A. and Machulin, I. N. and Mandarano, A. and Mapelli, L. and Mari, S. M. and Maricic, J. and Martoff, C. J. and Messina, A. and Meyers, P. D. and Milincic, R. and Mishra-Sharma, S. and Monte, A. and Morrocchi, M. and Mount, B. J. and Muratova, V. N. and Musico, P. and Nania, R. and Navrer Agasson, A. and Nozdrina, A. O. and Oleinik, A. and Orsini, M. and Ortica, F. and Pagani, L. and Pallavicini, M. and Pandola, L. and Pantic, E. and Paoloni, E. and Pazzona, F. and Pelczar, K. and Pelliccia, N. and Pesudo, V. and Pocar, A. and Pordes, S. and Poudel, S. S. and Pugachev, D. A. and Qian, H. and Ragusa, F. and Razeti, M. and Razeto, A. and Reinhold, B. and Renshaw, A. L. and Rescigno, M. and Riffard, Q. and Romani, A. and Rossi, B. and Rossi, N. and Sablone, D. and Samoylov, O. and Sands, W. and Sanfilippo, S. and Sant, M. and Santorelli, R. and Savarese, C. and Scapparone, E. and Schlitzer, B. and Segreto, E. and Semenov, D. A. and Shchagin, A. and Sheshukov, A. and Singh, P. N. and Skorokhvatov, M. D. and Smirnov, O. and Sotnikov, A. and Stanford, C. and Stracka, S. and Suffritti, G. B. and Suvorov, Y. and Tartaglia, R. and Testera, G. and Tonazzo, A. and Trinchese, P. and Unzhakov, E. V. and Verducci, M. and Vishneva, A. and Vogelaar, B. and Wada, M. and Waldrop, T. J. and Wang, H. and Wang, Y. and Watson, A. W. and Westerdale, S. and Wojcik, M. M. and Wojcik, M. and Xiang, X. and Xiao, X. and Yang, C. and Ye, Z. and Zhu, C. and Zichichi, A. and Zuzel, G.},
    collaboration = {DarkSide Collaboration},
    journal = {Phys. Rev. Lett.},
    volume = {121},
    issue = {8},
    pages = {081307},
    numpages = {8},
    year = {2018},
    month = {Aug},
    publisher = {American Physical Society},
    doi = {10.1103/PhysRevLett.121.081307},
    url = {https://link.aps.org/doi/10.1103/PhysRevLett.121.081307},
}

@article{PhysRevD.99.082003,
    title = {Searching for low-mass dark matter particles with a massive Ge bolometer operated above ground},
    author = {Armengaud, E. and Augier, C. and Beno\^{\i}t, A. and Benoit, A. and Berg\'e, L. and Billard, J. and Broniatowski, A. and Camus, P. and Cazes, A. and Chapellier, M. and Charlieux, F. and Ducimeti\`ere, D. and Dumoulin, L. and Eitel, K. and Filosofov, D. and Gascon, J. and Giuliani, A. and Gros, M. and De J\'esus, M. and Jin, Y. and Juillard, A. and Kleifges, M. and Maisonobe, R. and Marnieros, S. and Misiak, D. and Navick, X.-F. and Nones, C. and Olivieri, E. and Oriol, C. and Pari, P. and Paul, B. and Poda, D. and Queguiner, E. and Rozov, S. and Sanglard, V. and Siebenborn, B. and Vagneron, L. and Weber, M. and Yakushev, E. and Zolotarova, A. and Kavanagh, B. J.},
    collaboration = {EDELWEISS Collaboration},
    journal = {Phys. Rev. D},
    volume = {99},
    issue = {8},
    pages = {082003},
    numpages = {15},
    year = {2019},
    month = {Apr},
    publisher = {American Physical Society},
    doi = {10.1103/PhysRevD.99.082003},
    url = {https://link.aps.org/doi/10.1103/PhysRevD.99.082003},
}

@article{PhysRevD.99.082003,
    title = {Searching for low-mass dark matter particles with a massive Ge bolometer operated above ground},
    author = {Armengaud, E. and Augier, C. and Beno\^{\i}t, A. and Benoit, A. and Berg\'e, L. and Billard, J. and Broniatowski, A. and Camus, P. and Cazes, A. and Chapellier, M. and Charlieux, F. and Ducimeti\`ere, D. and Dumoulin, L. and Eitel, K. and Filosofov, D. and Gascon, J. and Giuliani, A. and Gros, M. and De J\'esus, M. and Jin, Y. and Juillard, A. and Kleifges, M. and Maisonobe, R. and Marnieros, S. and Misiak, D. and Navick, X.-F. and Nones, C. and Olivieri, E. and Oriol, C. and Pari, P. and Paul, B. and Poda, D. and Queguiner, E. and Rozov, S. and Sanglard, V. and Siebenborn, B. and Vagneron, L. and Weber, M. and Yakushev, E. and Zolotarova, A. and Kavanagh, B. J.},
    collaboration = {EDELWEISS Collaboration},
    journal = {Phys. Rev. D},
    volume = {99},
    issue = {8},
    pages = {082003},
    numpages = {15},
    year = {2019},
    month = {Apr},
    publisher = {American Physical Society},
    doi = {10.1103/PhysRevD.99.082003},
    url = {https://link.aps.org/doi/10.1103/PhysRevD.99.082003},
}

@article{j.astropartphys.2017.10.009,
    title = {First results from the NEWS-G direct dark matter search experiment at the LSM},
    author = {Q. Arnaud and D. Asner and J.-P. Bard and A. Brossard and B. Cai and M. Chapellier and M. Clark and E.C. Corcoran and T. Dandl and A. Dastgheibi-Fard and K. Dering and P. {Di Stefano} and D. Durnford and G. Gerbier and I. Giomataris and P. Gorel and M. Gros and O. Guillaudin and E.W. Hoppe and A. Kamaha and I. Katsioulas and D.G. Kelly and R.D. Martin and J. McDonald and J.-F. Muraz and J.-P. Mols and X.-F. Navick and T. Papaevangelou and F. Piquemal and S. Roth and D. Santos and I. Savvidis and A. Ulrich and F. {Vazquez de Sola Fernandez} and M. Zampaolo},
    journal = {Astroparticle Physics},
    volume = {97},
    pages = {54-62},
    ISSN = {0927-6505},
    year = {2018},
    doi = {10.1016/j.astropartphys.2017.10.009},
    url = {https://www.sciencedirect.com/science/article/pii/S0927650517301871},
}

@article{PhysRevLett.121.111302,
    title = {Dark Matter Search Results from a One Ton-Year Exposure of XENON1T},
    author = {Aprile, E. and Aalbers, J. and Agostini, F. and Alfonsi, M. and Althueser, L. and Amaro, F. D. and Anthony, M. and Arneodo, F. and Baudis, L. and Bauermeister, B. and Benabderrahmane, M. L. and Berger, T. and Breur, P. A. and Brown, A. and Brown, A. and Brown, E. and Bruenner, S. and Bruno, G. and Budnik, R. and Capelli, C. and Cardoso, J. M. R. and Cichon, D. and Coderre, D. and Colijn, A. P. and Conrad, J. and Cussonneau, J. P. and Decowski, M. P. and de Perio, P. and Di Gangi, P. and Di Giovanni, A. and Diglio, S. and Elykov, A. and Eurin, G. and Fei, J. and Ferella, A. D. and Fieguth, A. and Fulgione, W. and Gallo Rosso, A. and Galloway, M. and Gao, F. and Garbini, M. and Geis, C. and Grandi, L. and Greene, Z. and Qiu, H. and Hasterok, C. and Hogenbirk, E. and Howlett, J. and Itay, R. and Joerg, F. and Kaminsky, B. and Kazama, S. and Kish, A. and Koltman, G. and Landsman, H. and Lang, R. F. and Levinson, L. and Lin, Q. and Lindemann, S. and Lindner, M. and Lombardi, F. and Lopes, J. A. M. and Mahlstedt, J. and Manfredini, A. and Marrod\'an Undagoitia, T. and Masbou, J. and Masson, D. and Messina, M. and Micheneau, K. and Miller, K. and Molinario, A. and Mor\aa{}, K. and Murra, M. and Naganoma, J. and Ni, K. and Oberlack, U. and Pelssers, B. and Piastra, F. and Pienaar, J. and Pizzella, V. and Plante, G. and Podviianiuk, R. and Priel, N. and Ram\'{\i}rez Garc\'{\i}a, D. and Rauch, L. and Reichard, S. and Reuter, C. and Riedel, B. and Rizzo, A. and Rocchetti, A. and Rupp, N. and dos Santos, J. M. F. and Sartorelli, G. and Scheibelhut, M. and Schindler, S. and Schreiner, J. and Schulte, D. and Schumann, M. and Scotto Lavina, L. and Selvi, M. and Shagin, P. and Shockley, E. and Silva, M. and Simgen, H. and Thers, D. and Toschi, F. and Trinchero, G. and Tunnell, C. and Upole, N. and Vargas, M. and Wack, O. and Wang, H. and Wang, Z. and Wei, Y. and Weinheimer, C. and Wittweg, C. and Wulf, J. and Ye, J. and Zhang, Y. and Zhu, T.},
    collaboration = {XENON Collaboration},
    journal = {Phys. Rev. Lett.},
    volume = {121},
    issue = {11},
    pages = {111302},
    numpages = {8},
    year = {2018},
    month = {Sep},
    publisher = {American Physical Society},
    doi = {10.1103/PhysRevLett.121.111302},
    url = {https://link.aps.org/doi/10.1103/PhysRevLett.121.111302},
}

@article{PhysRevLett.119.181301,
    title = {First Dark Matter Search Results from the XENON1T Experiment},
    author = {Aprile, E. and Aalbers, J. and Agostini, F. and Alfonsi, M. and Amaro, F. D. and Anthony, M. and Arneodo, F. and Barrow, P. and Baudis, L. and Bauermeister, B. and Benabderrahmane, M. L. and Berger, T. and Breur, P. A. and Brown, A. and Brown, A. and Brown, E. and Bruenner, S. and Bruno, G. and Budnik, R. and B"utikofer, L. and Calv\'en, J. and Cardoso, J. M. R. and Cervantes, M. and Cichon, D. and Coderre, D. and Colijn, A. P. and Conrad, J. and Cussonneau, J. P. and Decowski, M. P. and de Perio, P. and Di Gangi, P. and Di Giovanni, A. and Diglio, S. and Eurin, G. and Fei, J. and Ferella, A. D. and Fieguth, A. and Fulgione, W. and Gallo Rosso, A. and Galloway, M. and Gao, F. and Garbini, M. and Gardner, R. and Geis, C. and Goetzke, L. W. and Grandi, L. and Greene, Z. and Grignon, C. and Hasterok, C. and Hogenbirk, E. and Howlett, J. and Itay, R. and Kaminsky, B. and Kazama, S. and Kessler, G. and Kish, A. and Landsman, H. and Lang, R. F. and Lellouch, D. and Levinson, L. and Lin, Q. and Lindemann, S. and Lindner, M. and Lombardi, F. and Lopes, J. A. M. and Manfredini, A. and Mari\c{s}, I. and Marrod\'an Undagoitia, T. and Masbou, J. and Massoli, F. V. and Masson, D. and Mayani, D. and Messina, M. and Micheneau, K. and Molinario, A. and Mor\aa{}, K. and Murra, M. and Naganoma, J. and Ni, K. and Oberlack, U. and Pakarha, P. and Pelssers, B. and Persiani, R. and Piastra, F. and Pienaar, J. and Pizzella, V. and Piro, M.-C. and Plante, G. and Priel, N. and Rauch, L. and Reichard, S. and Reuter, C. and Riedel, B. and Rizzo, A. and Rosendahl, S. and Rupp, N. and Saldanha, R. and dos Santos, J. M. F. and Sartorelli, G. and Scheibelhut, M. and Schindler, S. and Schreiner, J. and Schumann, M. and Scotto Lavina, L. and Selvi, M. and Shagin, P. and Shockley, E. and Silva, M. and Simgen, H. and Sivers, M. v. and Stein, A. and Thapa, S. and Thers, D. and Tiseni, A. and Trinchero, G. and Tunnell, C. and Vargas, M. and Upole, N. and Wang, H. and Wang, Z. and Wei, Y. and Weinheimer, C. and Wulf, J. and Ye, J. and Zhang, Y. and Zhu, T.},
    journal = {Phys. Rev. Lett.},
    volume = {119},
    issue = {18},
    pages = {181301},
    numpages = {6},
    year = {2017},
    publisher = {American Physical Society},
    doi = {10.1103/PhysRevLett.119.181301},
    url = {https://link.aps.org/doi/10.1103/PhysRevLett.119.181301},
}

@article{j.physletb.2018.10.070,
    title = {A direct dark matter search in XMASS-I},
    author = {K. Abe and K. Hiraide and K. Ichimura and Y. Kishimoto and K. Kobayashi and M. Kobayashi and S. Moriyama and M. Nakahata and T. Norita and H. Ogawa and K. Sato and H. Sekiya and O. Takachio and A. Takeda and S. Tasaka and M. Yamashita and B.S. Yang and N.Y. Kim and Y.D. Kim and Y. Itow and K. Kanzawa and R. Kegasa and K. Masuda and H. Takiya and K. Fushimi and G. Kanzaki and K. Martens and Y. Suzuki and B.D. Xu and R. Fujita and K. Hosokawa and K. Miuchi and N. Oka and Y. Takeuchi and Y.H. Kim and K.B. Lee and M.K. Lee and Y. Fukuda and M. Miyasaka and K. Nishijima and S. Nakamura},
    journal = {Phys. Lett. B},
    volume = {789},
    pages = {45--53},
    ISSN = {0370-2693},
    keywords = {Dark matter, Low background, Liquid xenon},
    doi = {10.1016/j.physletb.2018.10.070},
    url = {https://www.sciencedirect.com/science/article/pii/S0370269318309262},
}

@article{epjc/s10052-017-5223-9,
    title = {Results on MeV-scale dark matter from a gram-scale cryogenic calorimeter operated above ground},
    author = {{Angloher}, G. and {Bauer}, P. and {Bento}, A. and {Bucci}, C. and {Canonica}, L. and {Defay}, X. and {Erb}, A. and {Feilitzsch}, F. v. and {Iachellini}, N. Ferreiro and {Gorla}, P. and {G{\"u}tlein}, A. and {Hauff}, D. and {Jochum}, J. and {Kiefer}, M. and {Kluck}, H. and {Kraus}, H. and {Lanfranchi}, J. -C. and {Langenk{\"a}mper}, A. and {Loebell}, J. and {Mancuso}, M. and {Mondragon}, E. and {M{\"u}nster}, A. and {Oberauer}, L. and {Pagliarone}, C. and {Petricca}, F. and {Potzel}, W. and {Pr{\"o}bst}, F. and {Puig}, R. and {Reindl}, F. and {Rothe}, J. and {Sch{\"a}ffner}, K. and {Schieck}, J. and {Sch{\"o}nert}, S. and {Seidel}, W. and {Stahlberg}, M. and {Stodolsky}, L. and {Strandhagen}, C. and {Strauss}, R. and {Tanzke}, A. and {Thi}, H.~H. Trinh and {T{\"u}rko{\v{g}}lu}, C. and {Uffinger}, M. and {Ulrich}, A. and {Usherov}, I. and {Wawoczny}, S. and {Willers}, M. and {W{\"u}strich}, M. and {Z{\"o}ller}, A.},
    journal = {Eur. Phys. J. C},
    volume = {77},
    number = {9},
    pages = {637},
    eid = {637},
    year = {2017},
    month = {Sep},
    doi = {10.1140/epjc/s10052-017-5223-9},
    url = {https://doi.org/10.1140/epjc/s10052-017-5223-9},
}

@article{CRESST2017,
    title = {First results on low-mass dark matter from the CRESST-III experiment},
    author = {{CRESST collaboration} and {Petricca}, F. and {Angloher}, G. and {Bauer}, P. and {Bento}, A. and {Bucci}, C. and {Canonica}, L. and {Defay}, X. and {Erb}, A. and {Feilitzsch}, F. v. and {Ferreiro Iachellini}, N. and {Gorla}, P. and {G{\"u}tlein}, A. and {Hauff}, D. and {Jochum}, J. and {Kiefer}, M. and {Kluck}, H. and {Kraus}, H. and {Lanfranchi}, J.~C. and {Lagenk{\"a}mper}, A. and {Loebell}, J. and {Mancuso}, M. and {Mondragon}, E. and {M{\"u}nster}, A. and {Pagliarone}, C. and {Potzel}, W. and {Pr{\"o}bst}, F. and {Puig}, R. and {Reindl}, F. and {Rothe}, J. and {Sch{\"a}ffner}, K. and {Schieck}, J. and {Sch{\"o}nert}, S. and {Seidel}, W. and {Stahlberg}, M. and {Stodolsky}, L. and {Strandhagen}, C. and {Strauss}, R. and {Tanzke}, A. and {Trinh Thi}, H.~H. and {T{\"u}rko{\u{g}}lu}, C. and {Ulrich}, A. and {Usherov}, I. and {Wawoczny}, S. and {Willers}, M. and {W{\"u}strich}, M.},
    journal = {arXiv e-prints},
    year = {2017},
    month = {Nov},
    eid = {arXiv:1711.07692},
    pages = {arXiv:1711.07692},
    archivePrefix = {arXiv},
    eprint = {1711.07692},
    primaryClass = {astro-ph.CO},
    keywords = {Astrophysics - Cosmology and Nongalactic Astrophysics, Astrophysics - Instrumentation and Methods for Astrophysics},
    doi = {10.48550/arXiv.1711.07692},
    url = {https://doi.org/10.48550/arXiv.1711.07692},
}

@article{PhysRevLett.120.241301,
    title = {Limits on Light Weakly Interacting Massive Particles from the First $102.8\text{ kg}\times\text{day}$ Data of the CDEX-10 Experiment},
    author = {Jiang, H. and Jia, L. P. and Yue, Q. and Kang, K. J. and Cheng, J. P. and Li, Y. J. and Wong, H. T. and Agartioglu, M. and An, H. P. and Chang, J. P. and Chen, J. H. and Chen, Y. H. and Deng, Z. and Du, Q. and Gong, H. and He, L. and Hu, J. W. and Hu, Q. D. and Huang, H. X. and Li, H. B. and Li, H. and Li, J. M. and Li, J. and Li, X. and Li, X. Q. and Li, Y. L. and Liao, B. and Lin, F. K. and Lin, S. T. and Liu, S. K. and Liu, Y. D. and Liu, Y. Y. and Liu, Z. Z. and Ma, H. and Ma, J. L. and Pan, H. and Ren, J. and Ruan, X. C. and Sevda, B. and Sharma, V. and Shen, M. B. and Singh, L. and Singh, M. K. and Sun, T. X. and Tang, C. J. and Tang, W. Y. and Tian, Y. and Wang, G. F. and Wang, J. M. and Wang, L. and Wang, Q. and Wang, Y. and Wu, S. Y. and Wu, Y. C. and Xing, H. Y. and Xu, Y. and Xue, T. and Yang, L. T. and Yang, S. W. and Yi, N. and Yu, C. X. and Yu, H. J. and Yue, J. F. and Zeng, X. H. and Zeng, M. and Zeng, Z. and Zhang, F. S. and Zhang, Y. H. and Zhao, M. G. and Zhou, J. F. and Zhou, Z. Y. and Zhu, J. J. and Zhu, Z. H.},
    collaboration = {CDEX Collaboration},
    journal = {Phys. Rev. Lett.},
    volume = {120},
    issue = {24},
    pages = {241301},
    numpages = {5},
    year = {2018},
    month = {Jun},
    publisher = {American Physical Society},
    doi = {10.1103/PhysRevLett.120.241301},
    url = {https://link.aps.org/doi/10.1103/PhysRevLett.120.241301},
}

@article{PhysRevLett.118.251302,
    title = {Limits on Spin-Dependent WIMP-Nucleon Cross Section Obtained from the Complete LUX Exposure},
    author = {Akerib, D. S. and Alsum, S. and Ara\'ujo, H. M. and Bai, X. and Bailey, A. J. and Balajthy, J. and Beltrame, P. and Bernard, E. P. and Bernstein, A. and Biesiadzinski, T. P. and Boulton, E. M. and Br\'as, P. and Byram, D. and Cahn, S. B. and Carmona-Benitez, M. C. and Chan, C. and Chiller, A. A. and Chiller, C. and Currie, A. and Cutter, J. E. and Davison, T. J. R. and Dobi, A. and Dobson, J. E. Y. and Druszkiewicz, E. and Edwards, B. N. and Faham, C. H. and Fallon, S. R. and Fiorucci, S. and Gaitskell, R. J. and Gehman, V. M. and Ghag, C. and Gilchriese, M. G. D. and Hall, C. R. and Hanhardt, M. and Haselschwardt, S. J. and Hertel, S. A. and Hogan, D. P. and Horn, M. and Huang, D. Q. and Ignarra, C. M. and Jacobsen, R. G. and Ji, W. and Kamdin, K. and Kazkaz, K. and Khaitan, D. and Knoche, R. and Larsen, N. A. and Lee, C. and Lenardo, B. G. and Lesko, K. T. and Lindote, A. and Lopes, M. I. and Manalaysay, A. and Mannino, R. L. and Marzioni, M. F. and McKinsey, D. N. and Mei, D.-M. and Mock, J. and Moongweluwan, M. and Morad, J. A. and Murphy, A. St. J. and Nehrkorn, C. and Nelson, H. N. and Neves, F. and O'Sullivan, K. and Oliver-Mallory, K. C. and Palladino, K. J. and Pease, E. K. and Reichhart, L. and Rhyne, C. and Shaw, S. and Shutt, T. A. and Silva, C. and Solmaz, M. and Solovov, V. N. and Sorensen, P. and Stephenson, S. and Sumner, T. J. and Szydagis, M. and Taylor, D. J. and Taylor, W. C. and Tennyson, B. P. and Terman, P. A. and Tiedt, D. R. and To, W. H. and Tripathi, M. and Tvrznikova, L. and Uvarov, S. and Velan, V. and Verbus, J. R. and Webb, R. C. and White, J. T. and Whitis, T. J. and Witherell, M. S. and Wolfs, F. L. H. and Xu, J. and Yazdani, K. and Young, S. K. and Zhang, C.},
    collaboration = {LUX Collaboration},
    journal = {Phys. Rev. Lett.},
    volume = {118},
    issue = {25},
    pages = {251302},
    numpages = {7},
    year = {2017},
    month = {Jun},
    publisher = {American Physical Society},
    doi = {10.1103/PhysRevLett.118.251302},
    url = {https://link.aps.org/doi/10.1103/PhysRevLett.118.251302},
}